@ARTICLE{Zwicky1937,
   author = {{Zwicky}, F.},
    title = "{On the Masses of Nebulae and of Clusters of Nebulae}",
  journal = {\apj},
     year = 1937,
    month = oct,
   volume = 86,
    pages = {217},
      doi = {10.1086/143864},
   adsurl = {http://adsabs.harvard.edu/abs/1937ApJ....86..217Z},
  adsnote = {Provided by the SAO/NASA Astrophysics Data System}
}

@ARTICLE{Lynds1963,
   author = {{Lynds}, C.~R. and {Sandage}, A.~R.},
    title = "{Evidence for an Explosion in the Center of the Galaxy M82.}",
  journal = {\apj},
     year = 1963,
    month = may,
   volume = 137,
    pages = {1005},
      doi = {10.1086/147579},
   adsurl = {http://adsabs.harvard.edu/abs/1963ApJ...137.1005L},
  adsnote = {Provided by the SAO/NASA Astrophysics Data System}
}

@ARTICLE{Muller1963,
   author = {{Muller}, C.~A. and {Oort}, J.~H. and {Raimond}, E.},
    title = "{Hydrog{\`e}ne neutre dans la couronne galactique?}",
  journal = {Acad. Sci. Paris C. R.},
     year = 1963,
   volume = 257,
    pages = {1661-1662},
   adsurl = {http://adsabs.harvard.edu/abs/1963CRAS..257.1661M},
  adsnote = {Provided by the SAO/NASA Astrophysics Data System}
}

@ARTICLE{Rubin1970,
   author = {{Rubin}, V.~C. and {Ford}, Jr., W.~K.},
    title = "{Rotation of the Andromeda Nebula from a Spectroscopic Survey of Emission Regions}",
  journal = {\apj},
     year = 1970,
    month = feb,
   volume = 159,
    pages = {379},
      doi = {10.1086/150317},
   adsurl = {http://adsabs.harvard.edu/abs/1970ApJ...159..379R},
  adsnote = {Provided by the SAO/NASA Astrophysics Data System}
}

@ARTICLE{Mathews1971,
   author = {{Mathews}, W.~G. and {Baker}, J.~C.},
    title = "{Galactic Winds}",
  journal = {\apj},
     year = 1971,
    month = dec,
   volume = 170,
    pages = {241},
      doi = {10.1086/151208},
   adsurl = {http://adsabs.harvard.edu/abs/1971ApJ...170..241M},
  adsnote = {Provided by the SAO/NASA Astrophysics Data System}
}

@ARTICLE{Chevalier1974,
   author = {{Chevalier}, R.~A.},
    title = "{The Evolution of Supernova Remnants. Spherically Symmetric Models}",
  journal = {\apj},
     year = 1974,
    month = mar,
   volume = 188,
    pages = {501-516},
      doi = {10.1086/152740},
   adsurl = {http://adsabs.harvard.edu/abs/1974ApJ...188..501C},
  adsnote = {Provided by the SAO/NASA Astrophysics Data System}
}

@ARTICLE{Larson1974,
   author = {{Larson}, R.~B.},
    title = "{Effects of supernovae on the early evolution of galaxies}",
  journal = {\mnras},
     year = 1974,
    month = nov,
   volume = 169,
    pages = {229-246},
   adsurl = {http://adsabs.harvard.edu/abs/1974MNRAS.169..229L},
  adsnote = {Provided by the SAO/NASA Astrophysics Data System}
}

@ARTICLE{Press1974,
   author = {{Press}, W.~H. and {Schechter}, P.},
    title = "{Formation of Galaxies and Clusters of Galaxies by Self-Similar Gravitational Condensation}",
  journal = {\apj},
     year = 1974,
    month = feb,
   volume = 187,
    pages = {425-438},
      doi = {10.1086/152650},
   adsurl = {http://adsabs.harvard.edu/abs/1974ApJ...187..425P},
  adsnote = {Provided by the SAO/NASA Astrophysics Data System}
}

@ARTICLE{Ipavich1975,
   author = {{Ipavich}, F.~M.},
    title = "{Galactic winds driven by cosmic rays}",
  journal = {\apj},
 keywords = {Astronomical Models, Cosmic Rays, Galactic Radiation, Magnetohydrodynamic Waves, Plasma-Particle Interactions, Stellar Winds, Cosmic Plasma, Hydrodynamic Equations, Mass Flow, Mass Transfer, Solar Wind, X Ray Sources},
     year = 1975,
    month = feb,
   volume = 196,
    pages = {107-120},
      doi = {10.1086/153397},
   adsurl = {http://adsabs.harvard.edu/abs/1975ApJ...196..107I},
  adsnote = {Provided by the SAO/NASA Astrophysics Data System}
}

@ARTICLE{Cowie1977,
   author = {{Cowie}, L.~L. and {McKee}, C.~F.},
    title = "{The evaporation of spherical clouds in a hot gas. I - Classical and saturated mass loss rates}",
  journal = {\apj},
 keywords = {Evaporation, High Temperature Gases, Interstellar Gas, Nebulae, Supernova Remnants, Conductive Heat Transfer, Heat Flux, Mass Flow Rate, Solar Wind, Temperature Profiles},
     year = 1977,
    month = jan,
   volume = 211,
    pages = {135-146},
      doi = {10.1086/154911},
   adsurl = {http://adsabs.harvard.edu/abs/1977ApJ...211..135C},
  adsnote = {Provided by the SAO/NASA Astrophysics Data System}
}

@ARTICLE{McKee1977,
   author = {{McKee}, C.~F. and {Ostriker}, J.~P.},
    title = "{A theory of the interstellar medium - Three components regulated by supernova explosions in an inhomogeneous substrate}",
  journal = {\apj},
 keywords = {Interstellar Matter, Nebulae, Supernova Remnants, X Ray Sources, Absorption Spectra, Adiabatic Conditions, Astronomical Models, Background Radiation, Clouds, Evaporation, High Temperature Gases, Rarefied Gases},
     year = 1977,
    month = nov,
   volume = 218,
    pages = {148-169},
      doi = {10.1086/155667},
   adsurl = {http://adsabs.harvard.edu/abs/1977ApJ...218..148M},
  adsnote = {Provided by the SAO/NASA Astrophysics Data System}
}

@ARTICLE{Rees1977,
   author = {{Rees}, M.~J. and {Ostriker}, J.~P.},
    title = "{Cooling, dynamics and fragmentation of massive gas clouds - Clues to the masses and radii of galaxies and clusters}",
  journal = {\mnras},
 keywords = {Astronomical Models, Big Bang Cosmology, Galactic Clusters, Galactic Evolution, Lyman Alpha Radiation, Protostars, Clouds, Critical Mass, Fragmentation, Radiation Pressure, Stellar Evolution, Universe},
     year = 1977,
    month = jun,
   volume = 179,
    pages = {541-559},
   adsurl = {http://adsabs.harvard.edu/abs/1977MNRAS.179..541R},
  adsnote = {Provided by the SAO/NASA Astrophysics Data System}
}

@ARTICLE{Weaver1977,
   author = {{Weaver}, R. and {McCray}, R. and {Castor}, J. and {Shapiro}, P. and 
    {Moore}, R.},
    title = "{Interstellar bubbles. II - Structure and evolution}",
  journal = {\apj},
 keywords = {INTERSTELLAR GAS, PLASMA INTERACTIONS, STELLAR WINDS, ADIABATIC FLOW, BUBBLES, CONDUCTIVE HEAT TRANSFER, EARLY STARS, ENERGY DISSIPATION, HYDRODYNAMICS, ION DENSITY (CONCENTRATION), RADIATIVE TRANSFER, STELLAR MOTIONS},
     year = 1977,
    month = dec,
   volume = 218,
    pages = {377-395},
      doi = {10.1086/155692},
   adsurl = {http://adsabs.harvard.edu/abs/1977ApJ...218..377W},
  adsnote = {Provided by the SAO/NASA Astrophysics Data System}
}

@ARTICLE{White1978,
   author = {{White}, S.~D.~M. and {Rees}, M.~J.},
    title = "{Core condensation in heavy halos - A two-stage theory for galaxy formation and clustering}",
  journal = {\mnras},
 keywords = {Astronomical Models, Galactic Clusters, Galactic Evolution, Galactic Nuclei, Gravitational Effects, Halos, Critical Mass, Dark Matter, Dynamic Models, Interstellar Gas, Luminosity, Many Body Problem, Red Shift},
     year = 1978,
    month = may,
   volume = 183,
    pages = {341-358},
   adsurl = {http://adsabs.harvard.edu/abs/1978MNRAS.183..341W},
  adsnote = {Provided by the SAO/NASA Astrophysics Data System}
}

@ARTICLE{Fall1980,
   author = {{Fall}, S.~M. and {Efstathiou}, G.},
    title = "{Formation and rotation of disc galaxies with haloes}",
  journal = {\mnras},
 keywords = {Disk Galaxies, Galactic Evolution, Galactic Rotation, Galactic Structure, Halos, Angular Momentum, Astronomical Models, Interstellar Gas, Mass Ratios},
     year = 1980,
    month = oct,
   volume = 193,
    pages = {189-206},
   adsurl = {http://adsabs.harvard.edu/abs/1980MNRAS.193..189F},
  adsnote = {Provided by the SAO/NASA Astrophysics Data System}
}

@ARTICLE{Milgrom1983,
   author = {{Milgrom}, M.},
    title = "{A modification of the Newtonian dynamics - Implications for galaxies}",
  journal = {\apj},
 keywords = {Galactic Structure, Newton Theory, Stellar Motions, Angular Velocity, Disk Galaxies, Elliptical Galaxies, Galactic Rotation, Mass Distribution, Milky Way Galaxy, Oort Cloud},
     year = 1983,
    month = jul,
   volume = 270,
    pages = {371-389},
      doi = {10.1086/161131},
   adsurl = {http://adsabs.harvard.edu/abs/1983ApJ...270..371M},
  adsnote = {Provided by the SAO/NASA Astrophysics Data System}
}

@ARTICLE{Vishniac1983,
   author = {{Vishniac}, E.~T.},
    title = "{The dynamic and gravitational instabilities of spherical shocks}",
  journal = {\apj},
 keywords = {Galactic Evolution, Gravitational Effects, Interstellar Gas, Magnetohydrodynamic Stability, Shock Wave Propagation, Stellar Evolution, Astrodynamics, Cosmology, Perturbation Theory, Spherical Waves},
     year = 1983,
    month = nov,
   volume = 274,
    pages = {152-167},
      doi = {10.1086/161433},
   adsurl = {http://adsabs.harvard.edu/abs/1983ApJ...274..152V},
  adsnote = {Provided by the SAO/NASA Astrophysics Data System}
}

@ARTICLE{Blumenthal1984,
   author = {{Blumenthal}, G.~R. and {Faber}, S.~M. and {Primack}, J.~R. and 
	{Rees}, M.~J.},
    title = "{Formation of galaxies and large-scale structure with cold dark matter}",
  journal = {\nat},
 keywords = {Dark Matter, Galactic Evolution, Galactic Structure, Matter (Physics), Universe, Astronomical Models, Baryons, Galactic Clusters, Globular Clusters},
     year = 1984,
    month = oct,
   volume = 311,
    pages = {517-525},
      doi = {10.1038/311517a0},
   adsurl = {http://adsabs.harvard.edu/abs/1984Natur.311..517B},
  adsnote = {Provided by the SAO/NASA Astrophysics Data System}
}

@ARTICLE{Lockman1984,
   author = {{Lockman}, F.~J.},
    title = "{The H I halo in the inner galaxy}",
  journal = {\apj},
 keywords = {Centimeter Waves, Galactic Radio Waves, Halos, Milky Way Galaxy, Radio Sources (Astronomy), Galactic Nuclei, Hydrogen Clouds, Nebulae, Optical Thickness, Radio Emission},
     year = 1984,
    month = aug,
   volume = 283,
    pages = {90-97},
      doi = {10.1086/162277},
   adsurl = {http://adsabs.harvard.edu/abs/1984ApJ...283...90L},
  adsnote = {Provided by the SAO/NASA Astrophysics Data System}
}

@ARTICLE{Stark1984,
   author = {{Stark}, A.~A. and {Carlson}, E.~R.},
    title = "{The molecular halo of M82}",
  journal = {\apj},
 keywords = {Abundance, Astronomical Spectroscopy, Carbon Monoxide, Galactic Structure, Interstellar Matter, Molecular Clouds, Astronomical Maps, Disk Galaxies, Emission Spectra, Halos, Line Spectra, Optical Thickness},
     year = 1984,
    month = apr,
   volume = 279,
    pages = {122-124},
      doi = {10.1086/161871},
   adsurl = {http://adsabs.harvard.edu/abs/1984ApJ...279..122S},
  adsnote = {Provided by the SAO/NASA Astrophysics Data System}
}

@ARTICLE{Dekel1986,
   author = {{Dekel}, A. and {Silk}, J.},
    title = "{The origin of dwarf galaxies, cold dark matter, and biased galaxy formation}",
  journal = {\apj},
 keywords = {Abundance, Cold Plasmas, Dark Matter, Dwarf Galaxies, Galactic Evolution, Stellar Winds, Virgo Galactic Cluster, Big Bang Cosmology, Galactic Structure, Local Group (Astronomy), Mass To Light Ratios, Stellar Evolution, Supernovae},
     year = 1986,
    month = apr,
   volume = 303,
    pages = {39-55},
      doi = {10.1086/164050},
   adsurl = {http://adsabs.harvard.edu/abs/1986ApJ...303...39D},
  adsnote = {Provided by the SAO/NASA Astrophysics Data System}
}

@ARTICLE{Heckman1987,
   author = {{Heckman}, T.~M. and {Armus}, L. and {Miley}, G.~K.},
    title = "{Evidence for large-scale winds from starburst galaxies. II - an optical investigation of powerful far-infrared galaxies}",
  journal = {\aj},
 keywords = {Far Infrared Radiation, Galactic Evolution, Infrared Spectra, Star Formation, Starburst Galaxies, Stellar Winds, Visible Spectrum, Astronomical Models, Astronomical Spectroscopy, H Alpha Line, H Ii Regions, Spectral Energy Distribution},
     year = 1987,
    month = feb,
   volume = 93,
    pages = {276-283},
      doi = {10.1086/114310},
   adsurl = {http://adsabs.harvard.edu/abs/1987AJ.....93..276H},
  adsnote = {Provided by the SAO/NASA Astrophysics Data System}
}

@ARTICLE{MacLow1988,
   author = {{Mac Low}, M.-M. and {McCray}, R.},
    title = "{Superbubbles in disk galaxies}",
  journal = {\apj},
 keywords = {DISK GALAXIES, INTERSTELLAR GAS, STAR CLUSTERS, SUPERNOVA REMNANTS, SUPERNOVAE, B STARS, GALACTIC STRUCTURE, LUMINOSITY, O STARS},
     year = 1988,
    month = jan,
   volume = 324,
    pages = {776-785},
      doi = {10.1086/165936},
   adsurl = {http://adsabs.harvard.edu/abs/1988ApJ...324..776M},
  adsnote = {Provided by the SAO/NASA Astrophysics Data System}
}

@ARTICLE{Breitschwerdt1991,
   author = {{Breitschwerdt}, D. and {McKenzie}, J.~F. and {Voelk}, H.~J.
    },
    title = "{Galactic winds. I - Cosmic ray and wave-driven winds from the Galaxy}",
  journal = {\aap},
 keywords = {Cosmic Rays, Halos, Intergalactic Media, Magnetohydrodynamic Waves, Mass Flow, Milky Way Galaxy, Convective Flow, High Temperature Gases, Magnetic Fields},
     year = 1991,
    month = may,
   volume = 245,
    pages = {79-98},
   adsurl = {http://adsabs.harvard.edu/abs/1991A%26A...245...79B},
  adsnote = {Provided by the SAO/NASA Astrophysics Data System}
}

@ARTICLE{Walker1991,
   author = {{Walker}, T.~P. and {Steigman}, G. and {Kang}, H.-S. and {Schramm}, D.~M. and 
	{Olive}, K.~A.},
    title = "{Primordial nucleosynthesis redux}",
  journal = {\apj},
 keywords = {Abundance, Big Bang Cosmology, Elementary Particles, Nuclear Fusion, Universe, Deuterium, Helium Isotopes, Neutrons, Nuclear Reactions, Radiative Lifetime},
     year = 1991,
    month = jul,
   volume = 376,
    pages = {51-69},
      doi = {10.1086/170255},
   adsurl = {http://adsabs.harvard.edu/abs/1991ApJ...376...51W},
  adsnote = {Provided by the SAO/NASA Astrophysics Data System}
}

@ARTICLE{Efstathiou1992,
   author = {{Efstathiou}, G.},
    title = "{Suppressing the formation of dwarf galaxies via photoionization}",
  journal = {\mnras},
 keywords = {Cosmic Plasma, Cosmology, Diffuse Radiation, Dwarf Galaxies, Galactic Evolution, Photoionization, Quasars, Helium Plasma, Hydrogen Plasma, Plasma Cooling, Red Shift, Supernovae, Universe},
     year = 1992,
    month = may,
   volume = 256,
    pages = {43P-47P},
      doi = {10.1093/mnras/256.1.43P},
   adsurl = {http://adsabs.harvard.edu/abs/1992MNRAS.256P..43E},
  adsnote = {Provided by the SAO/NASA Astrophysics Data System}
}

@ARTICLE{Katz1992,
   author = {{Katz}, N.},
    title = "{Dissipational galaxy formation. II - Effects of star formation}",
  journal = {\apj},
 keywords = {Computational Astrophysics, Computerized Simulation, Galactic Evolution, Spiral Galaxies, Star Formation, Baryons, Dark Matter, Gas Dynamics, Supernovae},
     year = 1992,
    month = jun,
   volume = 391,
    pages = {502-517},
      doi = {10.1086/171366},
   adsurl = {http://adsabs.harvard.edu/abs/1992ApJ...391..502K},
  adsnote = {Provided by the SAO/NASA Astrophysics Data System}
}

@ARTICLE{Breitschwerdt1993,
   author = {{Breitschwerdt}, D. and {McKenzie}, J.~F. and {Voelk}, H.~J.
    },
    title = "{Galactic winds. II - Role of the disk-halo interface in cosmic ray driven galactic winds}",
  journal = {\aap},
 keywords = {Galactic Cosmic Rays, Galactic Halos, Interstellar Gas, Molecular Gases, Gas Pressure, Hydrogen, Interstellar Magnetic Fields},
     year = 1993,
    month = mar,
   volume = 269,
    pages = {54-66},
   adsurl = {http://adsabs.harvard.edu/abs/1993A%26A...269...54B},
  adsnote = {Provided by the SAO/NASA Astrophysics Data System}
}

@ARTICLE{Katz1993,
   author = {{Katz}, N. and {White}, S.~D.~M.},
    title = "{Hierarchical galaxy formation - Overmerging and the formation of an X-ray cluster}",
  journal = {\apj},
 keywords = {Dark Matter, Galactic Clusters, Galactic Evolution, X Ray Sources, Baryons, Cosmic Gases, Galactic Mass},
     year = 1993,
    month = aug,
   volume = 412,
    pages = {455-478},
      doi = {10.1086/172935},
   adsurl = {http://adsabs.harvard.edu/abs/1993ApJ...412..455K},
  adsnote = {Provided by the SAO/NASA Astrophysics Data System}
}

@ARTICLE{Navarro1993,
   author = {{Navarro}, J.~F. and {White}, S.~D.~M.},
    title = "{Simulations of Dissipative Galaxy Formation in Hierarchically Clustering Universes - Part One - Tests of the Code}",
  journal = {\mnras},
     year = 1993,
    month = nov,
   volume = 265,
    pages = {271},
   adsurl = {http://adsabs.harvard.edu/abs/1993MNRAS.265..271N},
  adsnote = {Provided by the SAO/NASA Astrophysics Data System}
}

@ARTICLE{Tegmark1993,
   author = {{Tegmark}, M. and {Silk}, J. and {Evrard}, A.},
    title = "{Late Reionization by Supernova-driven Winds}",
  journal = {\apj},
   eprint = {astro-ph/9306021},
 keywords = {COSMOLOGY: THEORY, GALAXIES: INTERGALACTIC MEDIUM, STARS: SUPERNOVAE: GENERAL},
     year = 1993,
    month = nov,
   volume = 417,
    pages = {54},
      doi = {10.1086/173290},
   adsurl = {http://adsabs.harvard.edu/abs/1993ApJ...417...54T},
  adsnote = {Provided by the SAO/NASA Astrophysics Data System}
}

@ARTICLE{Chu1994,
   author = {{Chu}, Y.-H. and {Kennicutt}, Jr., R.~C.},
    title = "{Kinematic structure of the 30 Doradus giant H II region}",
  journal = {\apj},
 keywords = {H Ii Regions, Interstellar Matter, Kinematics, Mapping, Supergiant Stars, Bubbles, Charge Coupled Devices, Emission Spectra, Shell Stars, Spectrographs, Velocity Distribution},
     year = 1994,
    month = apr,
   volume = 425,
    pages = {720-737},
      doi = {10.1086/174017},
   adsurl = {http://adsabs.harvard.edu/abs/1994ApJ...425..720C},
  adsnote = {Provided by the SAO/NASA Astrophysics Data System}
}

@ARTICLE{Mihos1994,
   author = {{Mihos}, J.~C. and {Hernquist}, L.},
    title = "{Triggering of starbursts in galaxies by minor mergers}",
  journal = {\apjl},
 keywords = {Astronomical Models, Computerized Simulation, Cosmology, Disk Galaxies, Dwarf Galaxies, Galactic Evolution, Galactic Structure, Interacting Galaxies, Starburst Galaxies, Deposition, Galactic Bulge, Hydrodynamics, Interstellar Matter, Many Body Problem, Stellar Evolution, Trees (Mathematics)},
     year = 1994,
    month = apr,
   volume = 425,
    pages = {L13-L16},
      doi = {10.1086/187299},
   adsurl = {http://adsabs.harvard.edu/abs/1994ApJ...425L..13M},
  adsnote = {Provided by the SAO/NASA Astrophysics Data System}
}

@ARTICLE{Zweibel1995,
   author = {{Zweibel}, E.~G. and {McKee}, C.~F.},
    title = "{Equiparatition of energy for turbulent astrophysical fluids: Accounting for the unseen energy in molecular clouds}",
  journal = {\apj},
 keywords = {Energy Budgets, Hydrodynamics, Interstellar Matter, Molecular Clouds, Plasma Turbulence, Equilibrium Equations, Gravitational Effects, Kinetic Energy, Magnetic Effects, Mathematical Models, Potential Energy, Virial Theorem},
     year = 1995,
    month = feb,
   volume = 439,
    pages = {779-792},
      doi = {10.1086/175216},
   adsurl = {http://adsabs.harvard.edu/abs/1995ApJ...439..779Z},
  adsnote = {Provided by the SAO/NASA Astrophysics Data System}
}

@ARTICLE{Katz1996,
   author = {{Katz}, N. and {Weinberg}, D.~H. and {Hernquist}, L.},
    title = "{Cosmological Simulations with TreeSPH}",
  journal = {\apjs},
   eprint = {astro-ph/9509107},
 keywords = {METHODS: NUMERICAL, HYDRODYNAMICS, GALAXIES: FORMATION, COSMOLOGY: LARGE-SCALE STRUCTURE OF UNIVERSE, COSMOLOGY: THEORY, COSMOLOGY: DARK MATTER},
     year = 1996,
    month = jul,
   volume = 105,
    pages = {19},
      doi = {10.1086/192305},
   adsurl = {http://adsabs.harvard.edu/abs/1996ApJS..105...19K},
  adsnote = {Provided by the SAO/NASA Astrophysics Data System}
}

@ARTICLE{Navarro1996,
   author = {{Navarro}, J.~F. and {Frenk}, C.~S. and {White}, S.~D.~M.},
    title = "{The Structure of Cold Dark Matter Halos}",
  journal = {\apj},
   eprint = {astro-ph/9508025},
 keywords = {COSMOLOGY: THEORY, COSMOLOGY: DARK MATTER, GALAXIES: HALOS, METHODS: NUMERICAL},
     year = 1996,
    month = may,
   volume = 462,
    pages = {563},
      doi = {10.1086/177173},
   adsurl = {http://adsabs.harvard.edu/abs/1996ApJ...462..563N},
  adsnote = {Provided by the SAO/NASA Astrophysics Data System}
}

@ARTICLE{Silich1996,
   author = {{Silich}, S.~A. and {Franco}, J. and {Palous}, J. and {Tenorio-Tagle}, G.
    },
    title = "{Three-dimensional Calculations of the Evolution of Superbubbles in a Cloudy Medium}",
  journal = {\apj},
 keywords = {HYDRODYNAMICS, ISM: BUBBLES, ISM: CLOUDS},
     year = 1996,
    month = sep,
   volume = 468,
    pages = {722},
      doi = {10.1086/177728},
   adsurl = {http://adsabs.harvard.edu/abs/1996ApJ...468..722S},
  adsnote = {Provided by the SAO/NASA Astrophysics Data System}
}

@ARTICLE{Songaila1996,
   author = {{Songaila}, A. and {Cowie}, L.~L.},
    title = "{Metal enrichment and Ionization Balance in the Lyman Alpha Forest at Z = 3}",
  journal = {\aj},
   eprint = {astro-ph/9605102},
 keywords = {GALAXIES: ISM, QUASARS: ABSORPTION LINES, GALAXIES: CLUSTERING},
     year = 1996,
    month = aug,
   volume = 112,
    pages = {335},
      doi = {10.1086/118018},
   adsurl = {http://adsabs.harvard.edu/abs/1996AJ....112..335S},
  adsnote = {Provided by the SAO/NASA Astrophysics Data System}
}

@ARTICLE{Broeils1997,
   author = {{Broeils}, A.~H. and {Rhee}, M.-H.},
    title = "{Short 21-cm WSRT observations of spiral and irregular galaxies. HI properties.}",
  journal = {\aap},
 keywords = {GALAXIES: FUNDAMENTAL PARAMETERS, GALAXIES: STRUCTURE, GALAXIES: KINEMATICS AND DYNAMICS, GALAXIES: SPIRAL, RADIO LINES: GALAXIES},
     year = 1997,
    month = aug,
   volume = 324,
    pages = {877-887},
   adsurl = {http://adsabs.harvard.edu/abs/1997A%26A...324..877B},
  adsnote = {Provided by the SAO/NASA Astrophysics Data System}
}

@PHDTHESIS{Gerritsen1997,
   author = {{Gerritsen}, J.~P.~E.},
    title = "{Star formation and the interstellar medium in galaxy simulations}",
   school = {, Groningen University, the Netherlands, (1997)},
     year = 1997,
   adsurl = {http://adsabs.harvard.edu/abs/1997PhDT........19G},
  adsnote = {Provided by the SAO/NASA Astrophysics Data System}
}

@ARTICLE{Wakker1997,
   author = {{Wakker}, B.~P. and {van Woerden}, H.},
    title = "{High-Velocity Clouds}",
  journal = {\araa},
     year = 1997,
   volume = 35,
    pages = {217-266},
      doi = {10.1146/annurev.astro.35.1.217},
   adsurl = {http://adsabs.harvard.edu/abs/1997ARA%26A..35..217W},
  adsnote = {Provided by the SAO/NASA Astrophysics Data System}
}

@ARTICLE{Dave1998,
   author = {{Dav{\'e}}, R. and {Hellsten}, U. and {Hernquist}, L. and {Katz}, N. and 
    {Weinberg}, D.~H.},
    title = "{Constraining the Metallicity of the Low-Density Lyalpha Forest Using O VI Absorption}",
  journal = {\apj},
   eprint = {astro-ph/9803257},
 keywords = {GALAXIES: FORMATION, GALAXIES: INTERGALACTIC MEDIUM, LINE: IDENTIFICATION, METHODS: NUMERICAL, GALAXIES: QUASARS: ABSORPTION LINES, GALAXIES: QUASARS: INDIVIDUAL: ALPHANUMERIC: B1422+231},
     year = 1998,
    month = dec,
   volume = 509,
    pages = {661-677},
      doi = {10.1086/306524},
   adsurl = {http://adsabs.harvard.edu/abs/1998ApJ...509..661D},
  adsnote = {Provided by the SAO/NASA Astrophysics Data System}
}

@ARTICLE{Kunth1998,
   author = {{Kunth}, D. and {Mas-Hesse}, J.~M. and {Terlevich}, E. and {Terlevich}, R. and 
    {Lequeux}, J. and {Fall}, S.~M.},
    title = "{HST study of Lyman-alpha emission in star-forming galaxies: the effect of neutral gas flows}",
  journal = {\aap},
   eprint = {astro-ph/9802253},
 keywords = {GALAXIES: ISM, GALAXIES: IRREGULAR, GALAXIES: COMPACT, GALAXIES: STARBUST, COSMOLOGY: OBSERVATIONS, ULTRAVIOLET: GALAXIES},
     year = 1998,
    month = jun,
   volume = 334,
    pages = {11-20},
   adsurl = {http://adsabs.harvard.edu/abs/1998A%26A...334...11K},
  adsnote = {Provided by the SAO/NASA Astrophysics Data System}
}

@ARTICLE{Magorrian1998,
   author = {{Magorrian}, J. and {Tremaine}, S. and {Richstone}, D. and {Bender}, R. and 
    {Bower}, G. and {Dressler}, A. and {Faber}, S.~M. and {Gebhardt}, K. and 
    {Green}, R. and {Grillmair}, C. and {Kormendy}, J. and {Lauer}, T.
    },
    title = "{The Demography of Massive Dark Objects in Galaxy Centers}",
  journal = {\aj},
   eprint = {astro-ph/9708072},
 keywords = {COSMOLOGY: DARK MATTER, GALAXIES: NUCLEI},
     year = 1998,
    month = jun,
   volume = 115,
    pages = {2285-2305},
      doi = {10.1086/300353},
   adsurl = {http://adsabs.harvard.edu/abs/1998AJ....115.2285M},
  adsnote = {Provided by the SAO/NASA Astrophysics Data System}
}

@ARTICLE{Mo1998,
   author = {{Mo}, H.~J. and {Mao}, S. and {White}, S.~D.~M.},
    title = "{The formation of galactic discs}",
  journal = {\mnras},
   eprint = {astro-ph/9707093},
 keywords = {GALAXIES: FORMATION, GALAXIES: SPIRAL, GALAXIES: STRUCTURE, COSMOLOGY: THEORY, DARK MATTER},
     year = 1998,
    month = apr,
   volume = 295,
    pages = {319-336},
      doi = {10.1046/j.1365-8711.1998.01227.x},
   adsurl = {http://adsabs.harvard.edu/abs/1998MNRAS.295..319M},
  adsnote = {Provided by the SAO/NASA Astrophysics Data System}
}

@ARTICLE{Kauffmann1999,
   author = {{Kauffmann}, G. and {Colberg}, J.~M. and {Diaferio}, A. and 
    {White}, S.~D.~M.},
    title = "{Clustering of galaxies in a hierarchical universe - I. Methods and results at z=0}",
  journal = {\mnras},
   eprint = {astro-ph/9805283},
 keywords = {GALAXIES: FORMATION, GALAXIES: HALOES, DARK MATTER, LARGE-SCALE STRUCTURE OF UNIVERSE},
     year = 1999,
    month = feb,
   volume = 303,
    pages = {188-206},
      doi = {10.1046/j.1365-8711.1999.02202.x},
   adsurl = {http://adsabs.harvard.edu/abs/1999MNRAS.303..188K},
  adsnote = {Provided by the SAO/NASA Astrophysics Data System}
}

@ARTICLE{Klypin1999,
   author = {{Klypin}, A. and {Kravtsov}, A.~V. and {Valenzuela}, O. and 
	{Prada}, F.},
    title = "{Where Are the Missing Galactic Satellites?}",
  journal = {\apj},
   eprint = {astro-ph/9901240},
 keywords = {COSMOLOGY: THEORY, GALAXIES: CLUSTERS: GENERAL, GALAXIES: INTERACTIONS, GALAXY: FORMATION, GALAXIES: LOCAL GROUP, METHODS: NUMERICAL, Cosmology: Theory, Galaxies: Clusters: General, Galaxies: Interactions, Galaxy: Formation, Galaxies: Local Group, Methods: Numerical},
     year = 1999,
    month = sep,
   volume = 522,
    pages = {82-92},
      doi = {10.1086/307643},
   adsurl = {http://adsabs.harvard.edu/abs/1999ApJ...522...82K},
  adsnote = {Provided by the SAO/NASA Astrophysics Data System}
}

@ARTICLE{Leitherer1999,
   author = {{Leitherer}, C. and {Schaerer}, D. and {Goldader}, J.~D. and 
	{Gonz{\'a}lez Delgado}, R.~M. and {Robert}, C. and {Kune}, D.~F. and 
	{de Mello}, D.~F. and {Devost}, D. and {Heckman}, T.~M.},
    title = "{Starburst99: Synthesis Models for Galaxies with Active Star Formation}",
  journal = {\apjs},
   eprint = {astro-ph/9902334},
 keywords = {GALAXIES: EVOLUTION, GALAXIES: FUNDAMENTAL PARAMETERS, GALAXIES: STARBURST, GALAXIES: STELLAR CONTENT, METHODS: NUMERICAL},
     year = 1999,
    month = jul,
   volume = 123,
    pages = {3-40},
      doi = {10.1086/313233},
   adsurl = {http://adsabs.harvard.edu/abs/1999ApJS..123....3L},
  adsnote = {Provided by the SAO/NASA Astrophysics Data System}
}

@ARTICLE{Silich1999,
   author = {{Silich}, S. and {Franco}, J.},
    title = "{Superbubble Evolution Including the Star-forming Clouds: Is It Possible to Reconcile Large Magellanic Cloud Observations with Model Predictions?}",
  journal = {\apj},
   eprint = {astro-ph/9905167},
 keywords = {ISM: BUBBLES, ISM: CLOUDS, ISM: STRUCTURE, GALAXIES: MAGELLANIC CLOUDS},
     year = 1999,
    month = sep,
   volume = 522,
    pages = {863-869},
      doi = {10.1086/307694},
   adsurl = {http://adsabs.harvard.edu/abs/1999ApJ...522..863S},
  adsnote = {Provided by the SAO/NASA Astrophysics Data System}
}

@ARTICLE{Cole2000,
   author = {{Cole}, S. and {Lacey}, C.~G. and {Baugh}, C.~M. and {Frenk}, C.~S.
    },
    title = "{Hierarchical galaxy formation}",
  journal = {\mnras},
   eprint = {astro-ph/0007281},
 keywords = {GALAXIES: FORMATION},
     year = 2000,
    month = nov,
   volume = 319,
    pages = {168-204},
      doi = {10.1046/j.1365-8711.2000.03879.x},
   adsurl = {http://adsabs.harvard.edu/abs/2000MNRAS.319..168C},
  adsnote = {Provided by the SAO/NASA Astrophysics Data System}
}

@ARTICLE{Thacker2000,
   author = {{Thacker}, R.~J. and {Couchman}, H.~M.~P.},
    title = "{Implementing Feedback in Simulations of Galaxy Formation: A Survey of Methods}",
  journal = {\apj},
   eprint = {astro-ph/0001276},
 keywords = {Galaxies: Evolution, Galaxies: Formation, ISM: General, ISM: Kinematics and Dynamics, Methods: Numerical, Stars: Formation},
     year = 2000,
    month = dec,
   volume = 545,
    pages = {728-752},
      doi = {10.1086/317828},
   adsurl = {http://adsabs.harvard.edu/abs/2000ApJ...545..728T},
  adsnote = {Provided by the SAO/NASA Astrophysics Data System}
}


@ARTICLE{Binney2001,
   author = {{Binney}, J. and {Gerhard}, O. and {Silk}, J.},
    title = "{The dark matter problem in disc galaxies}",
  journal = {\mnras},
   eprint = {astro-ph/0003199},
 keywords = {GALAXIES: FORMATION, COSMOLOGY: THEORY, galaxies: formation, cosmology: theory},
     year = 2001,
    month = mar,
   volume = 321,
    pages = {471-474},
      doi = {10.1046/j.1365-8711.2001.04024.x},
   adsurl = {http://adsabs.harvard.edu/abs/2001MNRAS.321..471B},
  adsnote = {Provided by the SAO/NASA Astrophysics Data System}
}

@ARTICLE{Bullock2001,
   author = {{Bullock}, J.~S. and {Dekel}, A. and {Kolatt}, T.~S. and {Kravtsov}, A.~V. and 
    {Klypin}, A.~A. and {Porciani}, C. and {Primack}, J.~R.},
    title = "{A Universal Angular Momentum Profile for Galactic Halos}",
  journal = {\apj},
   eprint = {astro-ph/0011001},
 keywords = {Cosmology: Dark Matter, Galaxies: Formation, Galaxies: Halos, Galaxies: Structure},
     year = 2001,
    month = jul,
   volume = 555,
    pages = {240-257},
      doi = {10.1086/321477},
   adsurl = {http://adsabs.harvard.edu/abs/2001ApJ...555..240B},
  adsnote = {Provided by the SAO/NASA Astrophysics Data System}
}

@ARTICLE{Cole2001,
   author = {{Cole}, S. and {Norberg}, P. and {Baugh}, C.~M. and {Frenk}, C.~S. and 
    {Bland-Hawthorn}, J. and {Bridges}, T. and {Cannon}, R. and 
    {Colless}, M. and {Collins}, C. and {Couch}, W. and {Cross}, N. and 
    {Dalton}, G. and {De Propris}, R. and {Driver}, S.~P. and {Efstathiou}, G. and 
    {Ellis}, R.~S. and {Glazebrook}, K. and {Jackson}, C. and {Lahav}, O. and 
    {Lewis}, I. and {Lumsden}, S. and {Maddox}, S. and {Madgwick}, D. and 
    {Peacock}, J.~A. and {Peterson}, B.~A. and {Sutherland}, W. and 
    {Taylor}, K.},
    title = "{The 2dF galaxy redshift survey: near-infrared galaxy luminosity functions}",
  journal = {\mnras},
   eprint = {astro-ph/0012429},
 keywords = {SURVEYS, GALAXIES: LUMINOSITY FUNCTION, MASS FUNCTION, INFRARED: GALAXIES},
     year = 2001,
    month = sep,
   volume = 326,
    pages = {255-273},
      doi = {10.1046/j.1365-8711.2001.04591.x},
   adsurl = {http://adsabs.harvard.edu/abs/2001MNRAS.326..255C},
  adsnote = {Provided by the SAO/NASA Astrophysics Data System}
}

@ARTICLE{Fouque2001,
   author = {{Fouqu{\'e}}, P. and {Solanes}, J.~M. and {Sanchis}, T. and 
	{Balkowski}, C.},
    title = "{Structure, mass and distance of the Virgo cluster from a Tolman-Bondi model}",
  journal = {\aap},
   eprint = {astro-ph/0106261},
 keywords = {GALAXIES: CLUSTERS: INDIVIDUAL: VIRGO, GALAXIES: DISTANCES AND REDSHIFTS, GALAXIES: ELLIPTICAL AND LENTICULAR, GALAXIES: FUNDAMENTAL PARAMETERS, GALAXIES: SPIRAL, COSMOLOGY: DISTANCE SCALE},
     year = 2001,
    month = sep,
   volume = 375,
    pages = {770-780},
      doi = {10.1051/0004-6361:20010833},
   adsurl = {http://adsabs.harvard.edu/abs/2001A%26A...375..770F},
  adsnote = {Provided by the SAO/NASA Astrophysics Data System}
}

@ARTICLE{Machacek2001,
   author = {{Machacek}, M.~E. and {Bryan}, G.~L. and {Abel}, T.},
    title = "{Simulations of Pregalactic Structure Formation with Radiative Feedback}",
  journal = {\apj},
   eprint = {astro-ph/0007198},
 keywords = {Cosmology: Theory, Galaxies: Formation, Hydrodynamics, Methods: Numerical},
     year = 2001,
    month = feb,
   volume = 548,
    pages = {509-521},
      doi = {10.1086/319014},
   adsurl = {http://adsabs.harvard.edu/abs/2001ApJ...548..509M},
  adsnote = {Provided by the SAO/NASA Astrophysics Data System}
}

@ARTICLE{Ritchie2001,
   author = {{Ritchie}, B.~W. and {Thomas}, P.~A.},
    title = "{Multiphase smoothed-particle hydrodynamics}",
  journal = {\mnras},
   eprint = {astro-ph/0005357},
 keywords = {HYDRODYNAMICS, METHODS: NUMERICAL, COOLING FLOWS, GALAXIES: FORMATION},
     year = 2001,
    month = may,
   volume = 323,
    pages = {743-756},
      doi = {10.1046/j.1365-8711.2001.04268.x},
   adsurl = {http://adsabs.harvard.edu/abs/2001MNRAS.323..743R},
  adsnote = {Provided by the SAO/NASA Astrophysics Data System}
}

@ARTICLE{vanDenBosch2001,
   author = {{van den Bosch}, F.~C.},
    title = "{The origin of the density distribution of disc galaxies: a new problem for the standard model of disc formation}",
  journal = {\mnras},
   eprint = {astro-ph/0107195},
 keywords = {GALAXIES: FORMATION, GALAXIES: FUNDAMENTAL PARAMETERS, GALAXIES: KINEMATICS AND DYNAMICS, GALAXIES: SPIRAL, GALAXIES: STRUCTURE, DARK MATTER},
     year = 2001,
    month = nov,
   volume = 327,
    pages = {1334-1352},
      doi = {10.1046/j.1365-8711.2001.04861.x},
   adsurl = {http://adsabs.harvard.edu/abs/2001MNRAS.327.1334V},
  adsnote = {Provided by the SAO/NASA Astrophysics Data System}
}

@ARTICLE{Martin2002,
   author = {{Martin}, C.~L. and {Kobulnicky}, H.~A. and {Heckman}, T.~M.
    },
    title = "{The Metal Content of Dwarf Starburst Winds: Results from Chandra Observations of NGC 1569}",
  journal = {\apj},
   eprint = {astro-ph/0203513},
 keywords = {Galaxies: Abundances, Galaxies: Evolution, Galaxies: Formation, Galaxies: Individual: NGC Number: NGC 1569, Galaxies: Starburst, X-Rays: Galaxies},
     year = 2002,
    month = aug,
   volume = 574,
    pages = {663-692},
      doi = {10.1086/341092},
   adsurl = {http://adsabs.harvard.edu/abs/2002ApJ...574..663M},
  adsnote = {Provided by the SAO/NASA Astrophysics Data System}
}

@ARTICLE{Pettini2002,
   author = {{Pettini}, M. and {Rix}, S.~A. and {Steidel}, C.~C. and {Adelberger}, K.~L. and 
    {Hunt}, M.~P. and {Shapley}, A.~E.},
    title = "{New Observations of the Interstellar Medium in the Lyman Break Galaxy MS 1512-cB58}",
  journal = {\apj},
   eprint = {astro-ph/0110637},
 keywords = {Cosmology: Observations, Galaxies: Evolution, Galaxies: Individual: Alphanumeric: MS 1512-cB58, Galaxies: Starburst},
     year = 2002,
    month = apr,
   volume = 569,
    pages = {742-757},
      doi = {10.1086/339355},
   adsurl = {http://adsabs.harvard.edu/abs/2002ApJ...569..742P},
  adsnote = {Provided by the SAO/NASA Astrophysics Data System}
}

@ARTICLE{Abadi2003,
   author = {{Abadi}, M.~G. and {Navarro}, J.~F. and {Steinmetz}, M. and 
    {Eke}, V.~R.},
    title = "{Simulations of Galaxy Formation in a {$\Lambda$} Cold Dark Matter Universe. I. Dynamical and Photometric Properties of a Simulated Disk Galaxy}",
  journal = {\apj},
   eprint = {astro-ph/0211331},
 keywords = {Cosmology: Theory, Cosmology: Dark Matter, Galaxies: Formation, Galaxies: Structure, Methods: Numerical},
     year = 2003,
    month = jul,
   volume = 591,
    pages = {499-514},
      doi = {10.1086/375512},
   adsurl = {http://adsabs.harvard.edu/abs/2003ApJ...591..499A},
  adsnote = {Provided by the SAO/NASA Astrophysics Data System}
}

@ARTICLE{Chabrier2003,
   author = {{Chabrier}, G.},
    title = "{Galactic Stellar and Substellar Initial Mass Function}",
  journal = {\pasp},
   eprint = {astro-ph/0304382},
 keywords = {Galaxies: Luminosity Function, Mass Function, Invited Reviews},
     year = 2003,
    month = jul,
   volume = 115,
    pages = {763-795},
      doi = {10.1086/376392},
   adsurl = {http://adsabs.harvard.edu/abs/2003PASP..115..763C},
  adsnote = {Provided by the SAO/NASA Astrophysics Data System}
}

@ARTICLE{Kauffmann2003a,
   author = {{Kauffmann}, G. and {Heckman}, T.~M. and {White}, S.~D.~M. and 
	{Charlot}, S. and {Tremonti}, C. and {Peng}, E.~W. and {Seibert}, M. and 
	{Brinkmann}, J. and {Nichol}, R.~C. and {SubbaRao}, M. and {York}, D.
	},
    title = "{The dependence of star formation history and internal structure on stellar mass for 10$^{5}$ low-redshift galaxies}",
  journal = {\mnras},
   eprint = {astro-ph/0205070},
 keywords = {galaxies: evolution, galaxies: formation, galaxies: stellar content},
     year = 2003,
    month = may,
   volume = 341,
    pages = {54-69},
      doi = {10.1046/j.1365-8711.2003.06292.x},
   adsurl = {http://adsabs.harvard.edu/abs/2003MNRAS.341...54K},
  adsnote = {Provided by the SAO/NASA Astrophysics Data System}
}

@ARTICLE{Kauffmann2003b,
   author = {{Kauffmann}, G. and {Heckman}, T.~M. and {Tremonti}, C. and 
	{Brinchmann}, J. and {Charlot}, S. and {White}, S.~D.~M. and 
	{Ridgway}, S.~E. and {Brinkmann}, J. and {Fukugita}, M. and 
	{Hall}, P.~B. and {Ivezi{\'c}}, {\v Z}. and {Richards}, G.~T. and 
	{Schneider}, D.~P.},
    title = "{The host galaxies of active galactic nuclei}",
  journal = {\mnras},
   eprint = {astro-ph/0304239},
 keywords = {galaxies: active, galaxies: Seyfert, galaxies: starburst, galaxies: stellar content, galaxies: structure},
     year = 2003,
    month = dec,
   volume = 346,
    pages = {1055-1077},
      doi = {10.1111/j.1365-2966.2003.07154.x},
   adsurl = {http://adsabs.harvard.edu/abs/2003MNRAS.346.1055K},
  adsnote = {Provided by the SAO/NASA Astrophysics Data System}
}

@ARTICLE{Kroupa2003,
   author = {{Kroupa}, P. and {Weidner}, C.},
    title = "{Galactic-Field Initial Mass Functions of Massive Stars}",
  journal = {\apj},
   eprint = {astro-ph/0308356},
 keywords = {Galaxies: Evolution, Galaxies: Star Clusters, Galaxies: Stellar Content, Galaxy: Stellar Content, Stars: Formation, Stars: Luminosity Function, Mass Function},
     year = 2003,
    month = dec,
   volume = 598,
    pages = {1076-1078},
      doi = {10.1086/379105},
   adsurl = {http://adsabs.harvard.edu/abs/2003ApJ...598.1076K},
  adsnote = {Provided by the SAO/NASA Astrophysics Data System}
}

@ARTICLE{Marri2003,
   author = {{Marri}, S. and {White}, S.~D.~M.},
    title = "{Smoothed particle hydrodynamics for galaxy-formation simulations: improved treatments of multiphase gas, of star formation and of supernovae feedback}",
  journal = {\mnras},
   eprint = {astro-ph/0207448},
 keywords = {hydrodynamics, methods: numerical, stars: formation, supernovae: general, cooling flows, galaxies: evolution},
     year = 2003,
    month = oct,
   volume = 345,
    pages = {561-574},
      doi = {10.1046/j.1365-8711.2003.06984.x},
   adsurl = {http://adsabs.harvard.edu/abs/2003MNRAS.345..561M},
  adsnote = {Provided by the SAO/NASA Astrophysics Data System}
}

@ARTICLE{Morganti2003,
   author = {{Morganti}, R. and {Oosterloo}, T.~A. and {Emonts}, B.~H.~C. and 
    {van der Hulst}, J.~M. and {Tadhunter}, C.~N.},
    title = "{Fast Outflow of Neutral Hydrogen in the Radio Galaxy 3C 293}",
  journal = {\apjl},
   eprint = {astro-ph/0307241},
 keywords = {Galaxies: Active, Galaxies: Individual: Alphanumeric: 3C 293, ISM: Jets and Outflows, Radio Lines: Galaxies},
     year = 2003,
    month = aug,
   volume = 593,
    pages = {L69-L72},
      doi = {10.1086/378219},
   adsurl = {http://adsabs.harvard.edu/abs/2003ApJ...593L..69M},
  adsnote = {Provided by the SAO/NASA Astrophysics Data System}
}

@ARTICLE{Power2003,
   author = {{Power}, C. and {Navarro}, J.~F. and {Jenkins}, A. and {Frenk}, C.~S. and 
	{White}, S.~D.~M. and {Springel}, V. and {Stadel}, J. and {Quinn}, T.
	},
    title = "{The inner structure of {$\Lambda$}CDM haloes - I. A numerical convergence study}",
  journal = {\mnras},
   eprint = {astro-ph/0201544},
 keywords = {gravitation, cosmology: theory, dark matter},
     year = 2003,
    month = jan,
   volume = 338,
    pages = {14-34},
      doi = {10.1046/j.1365-8711.2003.05925.x},
   adsurl = {http://adsabs.harvard.edu/abs/2003MNRAS.338...14P},
  adsnote = {Provided by the SAO/NASA Astrophysics Data System}
}

@ARTICLE{Springel2003,
   author = {{Springel}, V. and {Hernquist}, L.},
    title = "{Cosmological smoothed particle hydrodynamics simulations: a hybrid multiphase model for star formation}",
  journal = {\mnras},
   eprint = {astro-ph/0206393},
 keywords = {methods: numerical, galaxies: evolution, galaxies: formation},
     year = 2003,
    month = feb,
   volume = 339,
    pages = {289-311},
      doi = {10.1046/j.1365-8711.2003.06206.x},
   adsurl = {http://adsabs.harvard.edu/abs/2003MNRAS.339..289S},
  adsnote = {Provided by the SAO/NASA Astrophysics Data System}
}

@ARTICLE{Bekenstein2004,
   author = {{Bekenstein}, J.~D.},
    title = "{Relativistic gravitation theory for the modified Newtonian dynamics paradigm}",
  journal = {\prd},
   eprint = {astro-ph/0403694},
 keywords = {Dark matter, Experimental tests of gravitational theories, Relativity and gravitation, Gravitational lenses and luminous arcs},
     year = 2004,
    month = oct,
   volume = 70,
   number = 8,
      eid = {083509},
    pages = {083509},
      doi = {10.1103/PhysRevD.70.083509},
   adsurl = {http://adsabs.harvard.edu/abs/2004PhRvD..70h3509B},
  adsnote = {Provided by the SAO/NASA Astrophysics Data System}
}

@ARTICLE{Governato2004,
   author = {{Governato}, F. and {Mayer}, L. and {Wadsley}, J. and {Gardner}, J.~P. and 
    {Willman}, B. and {Hayashi}, E. and {Quinn}, T. and {Stadel}, J. and 
    {Lake}, G.},
    title = "{The Formation of a Realistic Disk Galaxy in {$\Lambda$}-dominated Cosmologies}",
  journal = {\apj},
   eprint = {astro-ph/0207044},
 keywords = {Galaxies: Formation, Hydrodynamics, Methods: n-Body Simulations},
     year = 2004,
    month = jun,
   volume = 607,
    pages = {688-696},
      doi = {10.1086/383516},
   adsurl = {http://adsabs.harvard.edu/abs/2004ApJ...607..688G},
  adsnote = {Provided by the SAO/NASA Astrophysics Data System}
}

@article{Wadsley2004,
	Adsnote = {Provided by the NASA Astrophysics Data System},
	Adsurl = {http://adsabs.harvard.edu/cgi-bin/nph-bib_query?bibcode=2004NewA....9..137W&amp;db_key=AST},
	Author = {{Wadsley}, J.~W. and {Stadel}, J. and {Quinn}, T.},
	Journal = {New Astronomy},
	Month = feb,
	Pages = {137-158},
	Title = {{Gasoline: a flexible, parallel implementation of TreeSPH}},
	Volume = {9},
	Year = {2004}
}

@ARTICLE{Bertone2005,
   author = {{Bertone}, G. and {Hooper}, D. and {Silk}, J.},
    title = "{Particle dark matter: evidence, candidates and constraints}",
  journal = {\physrep},
   eprint = {hep-ph/0404175},
     year = 2005,
    month = jan,
   volume = 405,
    pages = {279-390},
      doi = {10.1016/j.physrep.2004.08.031},
   adsurl = {http://adsabs.harvard.edu/abs/2005PhR...405..279B},
  adsnote = {Provided by the SAO/NASA Astrophysics Data System}
}

@ARTICLE{Dale2005,
   author = {{Dale}, J.~E. and {Bonnell}, I.~A. and {Clarke}, C.~J. and {Bate}, M.~R.
    },
    title = "{Photoionizing feedback in star cluster formation}",
  journal = {\mnras},
   eprint = {astro-ph/0501160},
 keywords = {stars: formation, HII regions},
     year = 2005,
    month = mar,
   volume = 358,
    pages = {291-304},
      doi = {10.1111/j.1365-2966.2005.08806.x},
   adsurl = {http://adsabs.harvard.edu/abs/2005MNRAS.358..291D},
  adsnote = {Provided by the SAO/NASA Astrophysics Data System}
}

@ARTICLE{DiMatteo2005,
   author = {{Di Matteo}, T. and {Springel}, V. and {Hernquist}, L.},
    title = "{Energy input from quasars regulates the growth and activity of black holes and their host galaxies}",
  journal = {\nat},
   eprint = {astro-ph/0502199},
     year = 2005,
    month = feb,
   volume = 433,
    pages = {604-607},
      doi = {10.1038/nature03335},
   adsurl = {http://adsabs.harvard.edu/abs/2005Natur.433..604D},
  adsnote = {Provided by the SAO/NASA Astrophysics Data System}
}

@ARTICLE{Martin2005,
   author = {{Martin}, C.~L.},
    title = "{Mapping Large-Scale Gaseous Outflows in Ultraluminous Galaxies with Keck II ESI Spectra: Variations in Outflow Velocity with Galactic Mass}",
  journal = {\apj},
   eprint = {astro-ph/0410247},
 keywords = {Galaxies: Evolution, Galaxies: Formation, Galaxies: Fundamental Parameters, ISM: Evolution, ISM: Kinematics and Dynamics, ISM: Structure},
     year = 2005,
    month = mar,
   volume = 621,
    pages = {227-245},
      doi = {10.1086/427277},
   adsurl = {http://adsabs.harvard.edu/abs/2005ApJ...621..227M},
  adsnote = {Provided by the SAO/NASA Astrophysics Data System}
}

@ARTICLE{Murray2005,
   author = {{Murray}, N. and {Quataert}, E. and {Thompson}, T.~A.},
    title = "{On the Maximum Luminosity of Galaxies and Their Central Black Holes: Feedback from Momentum-driven Winds}",
  journal = {\apj},
   eprint = {astro-ph/0406070},
 keywords = {Galaxies: Formation, Galaxies: Fundamental Parameters, Galaxies: General, Galaxies: Starburst, Galaxies: Intergalactic Medium},
     year = 2005,
    month = jan,
   volume = 618,
    pages = {569-585},
      doi = {10.1086/426067},
   adsurl = {http://adsabs.harvard.edu/abs/2005ApJ...618..569M},
  adsnote = {Provided by the SAO/NASA Astrophysics Data System}
}

@ARTICLE{Springel2005,
   author = {{Springel}, V. and {Di Matteo}, T. and {Hernquist}, L.},
    title = "{Modelling feedback from stars and black holes in galaxy mergers}",
  journal = {\mnras},
   eprint = {astro-ph/0411108},
 keywords = {methods: numerical, galaxies: active, galaxies: interactions, galaxies: starburst, galaxies: structure},
     year = 2005,
    month = aug,
   volume = 361,
    pages = {776-794},
      doi = {10.1111/j.1365-2966.2005.09238.x},
   adsurl = {http://adsabs.harvard.edu/abs/2005MNRAS.361..776S},
  adsnote = {Provided by the SAO/NASA Astrophysics Data System}
}

@ARTICLE{Veilleux2005,
   author = {{Veilleux}, S. and {Cecil}, G. and {Bland-Hawthorn}, J.},
    title = "{Galactic Winds}",
  journal = {\araa},
   eprint = {astro-ph/0504435},
     year = 2005,
    month = sep,
   volume = 43,
    pages = {769-826},
      doi = {10.1146/annurev.astro.43.072103.150610},
   adsurl = {http://adsabs.harvard.edu/abs/2005ARA%26A..43..769V},
  adsnote = {Provided by the SAO/NASA Astrophysics Data System}
}

@ARTICLE{Allen2006,
   author = {{Allen}, P.~D. and {Driver}, S.~P. and {Graham}, A.~W. and {Cameron}, E. and 
    {Liske}, J. and {de Propris}, R.},
    title = "{The Millennium Galaxy Catalogue: bulge-disc decomposition of 10095 nearby galaxies}",
  journal = {\mnras},
   eprint = {astro-ph/0605699},
 keywords = {astronomical data bases: miscellaneous , catalogues , galaxies: fundamental parameters , galaxies: general , galaxies: statistics , galaxies: structure},
     year = 2006,
    month = sep,
   volume = 371,
    pages = {2-18},
      doi = {10.1111/j.1365-2966.2006.10586.x},
   adsurl = {http://adsabs.harvard.edu/abs/2006MNRAS.371....2A},
  adsnote = {Provided by the SAO/NASA Astrophysics Data System}
}

@ARTICLE{Bower2006,
   author = {{Bower}, R.~G. and {Benson}, A.~J. and {Malbon}, R. and {Helly}, J.~C. and 
    {Frenk}, C.~S. and {Baugh}, C.~M. and {Cole}, S. and {Lacey}, C.~G.
    },
    title = "{Breaking the hierarchy of galaxy formation}",
  journal = {\mnras},
   eprint = {astro-ph/0511338},
 keywords = {galaxies: evolution: galaxies: formation: galaxies: luminosity function, galaxies: evolution, galaxies: formation, galaxies: luminosity function},
     year = 2006,
    month = aug,
   volume = 370,
    pages = {645-655},
      doi = {10.1111/j.1365-2966.2006.10519.x},
   adsurl = {http://adsabs.harvard.edu/abs/2006MNRAS.370..645B},
  adsnote = {Provided by the SAO/NASA Astrophysics Data System}
}

@ARTICLE{Croton2006,
   author = {{Croton}, D.~J. and {Springel}, V. and {White}, S.~D.~M. and 
	{De Lucia}, G. and {Frenk}, C.~S. and {Gao}, L. and {Jenkins}, A. and 
	{Kauffmann}, G. and {Navarro}, J.~F. and {Yoshida}, N.},
    title = "{The many lives of active galactic nuclei: cooling flows, black holes and the luminosities and colours of galaxies}",
  journal = {\mnras},
   eprint = {astro-ph/0508046},
 keywords = {black hole physics, galaxies: active, cooling flows, galaxies: evolution, galaxies: formation, cosmology: theory},
     year = 2006,
    month = jan,
   volume = 365,
    pages = {11-28},
      doi = {10.1111/j.1365-2966.2005.09675.x},
   adsurl = {http://adsabs.harvard.edu/abs/2006MNRAS.365...11C},
  adsnote = {Provided by the SAO/NASA Astrophysics Data System}
}

@ARTICLE{Dekel2006,
   author = {{Dekel}, A. and {Birnboim}, Y.},
    title = "{Galaxy bimodality due to cold flows and shock heating}",
  journal = {\mnras},
   eprint = {astro-ph/0412300},
 keywords = {shock waves, cooling flows, galaxies: evolution, galaxies: formation, galaxies: haloes, dark matter},
     year = 2006,
    month = may,
   volume = 368,
    pages = {2-20},
      doi = {10.1111/j.1365-2966.2006.10145.x},
   adsurl = {http://adsabs.harvard.edu/abs/2006MNRAS.368....2D},
  adsnote = {Provided by the SAO/NASA Astrophysics Data System}
}

@ARTICLE{Mashchenko2006,
   author = {{Mashchenko}, S. and {Couchman}, H.~M.~P. and {Wadsley}, J.},
    title = "{The removal of cusps from galaxy centres by stellar feedback in the early Universe}",
  journal = {\nat},
   eprint = {astro-ph/0605672},
     year = 2006,
    month = aug,
   volume = 442,
    pages = {539-542},
      doi = {10.1038/nature04944},
   adsurl = {http://adsabs.harvard.edu/abs/2006Natur.442..539M},
  adsnote = {Provided by the SAO/NASA Astrophysics Data System}
}

@ARTICLE{Scannapieco2006,
   author = {{Scannapieco}, C. and {Tissera}, P.~B. and {White}, S.~D.~M. and 
    {Springel}, V.},
    title = "{Feedback and metal enrichment in cosmological SPH simulations - II. A multiphase model with supernova energy feedback}",
  journal = {\mnras},
   eprint = {astro-ph/0604524},
 keywords = {methods: N-body simulations: galaxies: abundances: galaxies: evolution: galaxies: formation: cosmology: theory, methods: N-body simulations, galaxies: abundances, galaxies: evolution, galaxies: formation, cosmology: theory},
     year = 2006,
    month = sep,
   volume = 371,
    pages = {1125-1139},
      doi = {10.1111/j.1365-2966.2006.10785.x},
   adsurl = {http://adsabs.harvard.edu/abs/2006MNRAS.371.1125S},
  adsnote = {Provided by the SAO/NASA Astrophysics Data System}
}

@ARTICLE{Shankar2006,
   author = {{Shankar}, F. and {Lapi}, A. and {Salucci}, P. and {De Zotti}, G. and 
	{Danese}, L.},
    title = "{New Relationships between Galaxy Properties and Host Halo Mass, and the Role of Feedbacks in Galaxy Formation}",
  journal = {\apj},
   eprint = {astro-ph/0601577},
 keywords = {Cosmology: Theory, Galaxies: Evolution, Galaxies: Formation, Galaxies: Quasars: General},
     year = 2006,
    month = may,
   volume = 643,
    pages = {14-25},
      doi = {10.1086/502794},
   adsurl = {http://adsabs.harvard.edu/abs/2006ApJ...643...14S},
  adsnote = {Provided by the SAO/NASA Astrophysics Data System}
}

@ARTICLE{Stinson2006,
   author = {{Stinson}, G. and {Seth}, A. and {Katz}, N. and {Wadsley}, J. and 
    {Governato}, F. and {Quinn}, T.},
    title = "{Star formation and feedback in smoothed particle hydrodynamic simulations - I. Isolated galaxies}",
  journal = {\mnras},
   eprint = {astro-ph/0602350},
 keywords = {hydrodynamics, methods: N-body simulations, stars: formation, Galaxy: evolution},
     year = 2006,
    month = dec,
   volume = 373,
    pages = {1074-1090},
      doi = {10.1111/j.1365-2966.2006.11097.x},
   adsurl = {http://adsabs.harvard.edu/abs/2006MNRAS.373.1074S},
  adsnote = {Provided by the SAO/NASA Astrophysics Data System}
}

@ARTICLE{Weinmann2006,
   author = {{Weinmann}, S.~M. and {van den Bosch}, F.~C. and {Yang}, X. and 
	{Mo}, H.~J.},
    title = "{Properties of galaxy groups in the Sloan Digital Sky Survey - I. The dependence of colour, star formation and morphology on halo mass}",
  journal = {\mnras},
   eprint = {astro-ph/0509147},
 keywords = {methods: statistical, galaxies: clusters: general, galaxies: evolution, galaxies: general, galaxies: haloes, galaxies: statistics},
     year = 2006,
    month = feb,
   volume = 366,
    pages = {2-28},
      doi = {10.1111/j.1365-2966.2005.09865.x},
   adsurl = {http://adsabs.harvard.edu/abs/2006MNRAS.366....2W},
  adsnote = {Provided by the SAO/NASA Astrophysics Data System}
}

@ARTICLE{Agertz2007,
   author = {{Agertz}, O. and {Moore}, B. and {Stadel}, J. and {Potter}, D. and 
    {Miniati}, F. and {Read}, J. and {Mayer}, L. and {Gawryszczak}, A. and 
    {Kravtsov}, A. and {Nordlund}, {\AA}. and {Pearce}, F. and {Quilis}, V. and 
    {Rudd}, D. and {Springel}, V. and {Stone}, J. and {Tasker}, E. and 
    {Teyssier}, R. and {Wadsley}, J. and {Walder}, R.},
    title = "{Fundamental differences between SPH and grid methods}",
  journal = {\mnras},
   eprint = {astro-ph/0610051},
 keywords = {hydrodynamics, instabilities, turbulence, methods: numerical, ISM: clouds, galaxies: evolution, galaxies: formation, galaxies: general},
     year = 2007,
    month = sep,
   volume = 380,
    pages = {963-978},
      doi = {10.1111/j.1365-2966.2007.12183.x},
   adsurl = {http://adsabs.harvard.edu/abs/2007MNRAS.380..963A},
  adsnote = {Provided by the SAO/NASA Astrophysics Data System}
}

@ARTICLE{DallaVecchia2008,
   author = {{Dalla Vecchia}, C. and {Schaye}, J.},
    title = "{Simulating galactic outflows with kinetic supernova feedback}",
  journal = {\mnras},
archivePrefix = "arXiv",
   eprint = {0801.2770},
 keywords = {methods: numerical , ISM: bubbles , ISM: jets and outflows , galaxies: evolution , galaxies: formation , galaxies: ISM},
     year = 2008,
    month = jul,
   volume = 387,
    pages = {1431-1444},
      doi = {10.1111/j.1365-2966.2008.13322.x},
   adsurl = {http://adsabs.harvard.edu/abs/2008MNRAS.387.1431D},
  adsnote = {Provided by the SAO/NASA Astrophysics Data System}
}

@ARTICLE{Dubois2008,
   author = {{Dubois}, Y. and {Teyssier}, R.},
    title = "{On the onset of galactic winds in quiescent star forming galaxies}",
  journal = {\aap},
archivePrefix = "arXiv",
   eprint = {0707.3376},
 keywords = {galaxies: formation, galaxies: evolution, galaxies: structure, methods: numerical},
     year = 2008,
    month = jan,
   volume = 477,
    pages = {79-94},
      doi = {10.1051/0004-6361:20078326},
   adsurl = {http://adsabs.harvard.edu/abs/2008A%26A...477...79D},
  adsnote = {Provided by the SAO/NASA Astrophysics Data System}
}

@ARTICLE{Erb2008,
   author = {{Erb}, D.~K.},
    title = "{A Model for Star Formation, Gas Flows, and Chemical Evolution in Galaxies at High Redshifts}",
  journal = {\apj},
archivePrefix = "arXiv",
   eprint = {0710.4146},
 keywords = {Galaxies: Abundances, Galaxies: Evolution, Galaxies: High-Redshift},
     year = 2008,
    month = feb,
   volume = 674,
    pages = {151-156},
      doi = {10.1086/524727},
   adsurl = {http://adsabs.harvard.edu/abs/2008ApJ...674..151E},
  adsnote = {Provided by the SAO/NASA Astrophysics Data System}
}

@ARTICLE{Everett2008,
   author = {{Everett}, J.~E. and {Zweibel}, E.~G. and {Benjamin}, R.~A. and 
    {McCammon}, D. and {Rocks}, L. and {Gallagher}, III, J.~S.},
    title = "{The Milky Way's Kiloparsec-Scale Wind: A Hybrid Cosmic-Ray and Thermally Driven Outflow}",
  journal = {\apj},
archivePrefix = "arXiv",
   eprint = {0710.3712},
 keywords = {ISM: Cosmic Rays, Galaxy: Evolution, ISM: Jets and Outflows, ISM: Magnetic Fields, X-Rays: Diffuse Background},
     year = 2008,
    month = feb,
   volume = 674,
    pages = {258-270},
      doi = {10.1086/524766},
   adsurl = {http://adsabs.harvard.edu/abs/2008ApJ...674..258E},
  adsnote = {Provided by the SAO/NASA Astrophysics Data System}
}

@ARTICLE{Finlator2008,
   author = {{Finlator}, K. and {Dav{\'e}}, R.},
    title = "{The origin of the galaxy mass-metallicity relation and implications for galactic outflows}",
  journal = {\mnras},
archivePrefix = "arXiv",
   eprint = {0704.3100},
 keywords = {galaxies: abundances , galaxies: evolution , cosmology: theory},
     year = 2008,
    month = apr,
   volume = 385,
    pages = {2181-2204},
      doi = {10.1111/j.1365-2966.2008.12991.x},
   adsurl = {http://adsabs.harvard.edu/abs/2008MNRAS.385.2181F},
  adsnote = {Provided by the SAO/NASA Astrophysics Data System}
}

@ARTICLE{Jubelgas2008,
   author = {{Jubelgas}, M. and {Springel}, V. and {En{\ss}lin}, T. and {Pfrommer}, C.
	},
    title = "{Cosmic ray feedback in hydrodynamical simulations of galaxy formation}",
  journal = {\aap},
   eprint = {astro-ph/0603485},
 keywords = {methods: numerical, acceleration of particles, ISM: general, galaxies: structure, galaxies: clusters: general, intergalactic medium},
     year = 2008,
    month = apr,
   volume = 481,
    pages = {33-63},
      doi = {10.1051/0004-6361:20065295},
   adsurl = {http://adsabs.harvard.edu/abs/2008A%26A...481...33J},
  adsnote = {Provided by the SAO/NASA Astrophysics Data System}
}

@ARTICLE{Marigo2008,
   author = {{Marigo}, P. and {Girardi}, L. and {Bressan}, A. and {Groenewegen}, M.~A.~T. and 
    {Silva}, L. and {Granato}, G.~L.},
    title = "{Evolution of asymptotic giant branch stars. II. Optical to far-infrared isochrones with improved TP-AGB models}",
  journal = {\aap},
archivePrefix = "arXiv",
   eprint = {0711.4922},
 keywords = {astronomical data bases: miscellaneous, stars: AGB and post-AGB, stars: carbon, stars: evolution, galaxies: Magellanic Clouds, stars: Hertzsprung-Russell (HR) and C-M diagrams},
     year = 2008,
    month = may,
   volume = 482,
    pages = {883-905},
      doi = {10.1051/0004-6361:20078467},
   adsurl = {http://adsabs.harvard.edu/abs/2008A%26A...482..883M},
  adsnote = {Provided by the SAO/NASA Astrophysics Data System}
}

@ARTICLE{Price2008,
   author = {{Price}, D.~J.},
    title = "{Modelling discontinuities and Kelvin Helmholtz instabilities in SPH}",
  journal = {Journal of Computational Physics},
archivePrefix = "arXiv",
   eprint = {0709.2772},
     year = 2008,
    month = dec,
   volume = 227,
    pages = {10040-10057},
      doi = {10.1016/j.jcp.2008.08.011},
   adsurl = {http://adsabs.harvard.edu/abs/2008JCoPh.22710040P},
  adsnote = {Provided by the SAO/NASA Astrophysics Data System}
}

@ARTICLE{Robertson2008,
   author = {{Robertson}, B.~E. and {Kravtsov}, A.~V.},
    title = "{Molecular Hydrogen and Global Star Formation Relations in Galaxies}",
  journal = {\apj},
archivePrefix = "arXiv",
   eprint = {0710.2102},
 keywords = {Galaxy: Evolution, Galaxy: Formation, Galaxy: Structure, ISM: General},
     year = 2008,
    month = jun,
   volume = 680,
    pages = {1083-1111},
      doi = {10.1086/587796},
   adsurl = {http://adsabs.harvard.edu/abs/2008ApJ...680.1083R},
  adsnote = {Provided by the SAO/NASA Astrophysics Data System}
}

@ARTICLE{Socrates2008,
   author = {{Socrates}, A. and {Davis}, S.~W. and {Ramirez-Ruiz}, E.},
    title = "{The Eddington Limit in Cosmic Rays: An Explanation for the Observed Faintness of Starbursting Galaxies}",
  journal = {\apj},
   eprint = {astro-ph/0609796},
 keywords = {Galaxies: Formation, Galaxies: Fundamental Parameters, Galaxies: Starburst},
     year = 2008,
    month = nov,
   volume = 687,
    pages = {202-215},
      doi = {10.1086/590046},
   adsurl = {http://adsabs.harvard.edu/abs/2008ApJ...687..202S},
  adsnote = {Provided by the SAO/NASA Astrophysics Data System}
}

@ARTICLE{Crain2009,
   author = {{Crain}, R.~A. and {Theuns}, T. and {Dalla Vecchia}, C. and 
    {Eke}, V.~R. and {Frenk}, C.~S. and {Jenkins}, A. and {Kay}, S.~T. and 
    {Peacock}, J.~A. and {Pearce}, F.~R. and {Schaye}, J. and {Springel}, V. and 
    {Thomas}, P.~A. and {White}, S.~D.~M. and {Wiersma}, R.~P.~C.
    },
    title = "{Galaxies-intergalactic medium interaction calculation - I. Galaxy formation as a function of large-scale environment}",
  journal = {\mnras},
archivePrefix = "arXiv",
   eprint = {0906.4350},
 primaryClass = "astro-ph.CO",
 keywords = {methods: N-body simulations , galaxies: abundances , galaxies: clusters: general , galaxies: formation , intergalactic medium},
     year = 2009,
    month = nov,
   volume = 399,
    pages = {1773-1794},
      doi = {10.1111/j.1365-2966.2009.15402.x},
   adsurl = {http://adsabs.harvard.edu/abs/2009MNRAS.399.1773C},
  adsnote = {Provided by the SAO/NASA Astrophysics Data System}
}

@ARTICLE{Governato2009,
   author = {{Governato}, F. and {Brook}, C.~B. and {Brooks}, A.~M. and {Mayer}, L. and 
    {Willman}, B. and {Jonsson}, P. and {Stilp}, A.~M. and {Pope}, L. and 
    {Christensen}, C. and {Wadsley}, J. and {Quinn}, T.},
    title = "{Forming a large disc galaxy from a z {\lt} 1 major merger}",
  journal = {\mnras},
archivePrefix = "arXiv",
   eprint = {0812.0379},
 keywords = {methods: N-Body simulations , galaxies: evolution , galaxies: formation , galaxies: interactions},
     year = 2009,
    month = sep,
   volume = 398,
    pages = {312-320},
      doi = {10.1111/j.1365-2966.2009.15143.x},
   adsurl = {http://adsabs.harvard.edu/abs/2009MNRAS.398..312G},
  adsnote = {Provided by the SAO/NASA Astrophysics Data System}
}

@ARTICLE{Knollmann2009,
   author = {{Knollmann}, S.~R. and {Knebe}, A.},
    title = "{AHF: Amiga's Halo Finder}",
  journal = {\apjs},
archivePrefix = "arXiv",
   eprint = {0904.3662},
 primaryClass = "astro-ph.CO",
 keywords = {methods: numerical},
     year = 2009,
    month = jun,
   volume = 182,
    pages = {608-624},
      doi = {10.1088/0067-0049/182/2/608},
   adsurl = {http://adsabs.harvard.edu/abs/2009ApJS..182..608K},
  adsnote = {Provided by the SAO/NASA Astrophysics Data System}
}

@ARTICLE{Krumholz2009,
   author = {{Krumholz}, M.~R. and {Matzner}, C.~D.},
    title = "{The Dynamics of Radiation-pressure-dominated H II Regions}",
  journal = {\apj},
archivePrefix = "arXiv",
   eprint = {0906.4343},
 primaryClass = "astro-ph.SR",
 keywords = {galaxies: star clusters, H II regions, ISM: bubbles, radiative transfer, stars: formation, stars: winds, outflows},
     year = 2009,
    month = oct,
   volume = 703,
    pages = {1352-1362},
      doi = {10.1088/0004-637X/703/2/1352},
   adsurl = {http://adsabs.harvard.edu/abs/2009ApJ...703.1352K},
  adsnote = {Provided by the SAO/NASA Astrophysics Data System}
}

@ARTICLE{Saitoh2009,
   author = {{Saitoh}, T.~R. and {Makino}, J.},
    title = "{A Necessary Condition for Individual Time Steps in SPH Simulations}",
  journal = {\apjl},
archivePrefix = "arXiv",
   eprint = {0808.0773},
 keywords = {galaxies: evolution, galaxies: formation, galaxies: ISM, methods: numerical},
     year = 2009,
    month = jun,
   volume = 697,
    pages = {L99-L102},
      doi = {10.1088/0004-637X/697/2/L99},
   adsurl = {http://adsabs.harvard.edu/abs/2009ApJ...697L..99S},
  adsnote = {Provided by the SAO/NASA Astrophysics Data System}
}

@ARTICLE{Wakker2009,
   author = {{Wakker}, B.~P. and {Savage}, B.~D.},
    title = "{The Relationship Between Intergalactic H I/O VI and Nearby (z $\lt$ 0.017) Galaxies}",
  journal = {\apjs},
archivePrefix = "arXiv",
   eprint = {0903.2259},
 keywords = {galaxies: evolution, galaxies: halos, intergalactic medium, ultraviolet: galaxies},
     year = 2009,
    month = may,
   volume = 182,
    pages = {378-467},
      doi = {10.1088/0067-0049/182/1/378},
   adsurl = {http://adsabs.harvard.edu/abs/2009ApJS..182..378W},
  adsnote = {Provided by the SAO/NASA Astrophysics Data System}
}

@ARTICLE{Weiner2009,
   author = {{Weiner}, B.~J. and {Coil}, A.~L. and {Prochaska}, J.~X. and 
    {Newman}, J.~A. and {Cooper}, M.~C. and {Bundy}, K. and {Conselice}, C.~J. and 
    {Dutton}, A.~A. and {Faber}, S.~M. and {Koo}, D.~C. and {Lotz}, J.~M. and 
    {Rieke}, G.~H. and {Rubin}, K.~H.~R.},
    title = "{Ubiquitous Outflows in DEEP2 Spectra of Star-Forming Galaxies at z = 1.4}",
  journal = {\apj},
archivePrefix = "arXiv",
   eprint = {0804.4686},
 keywords = {galaxies: evolution, galaxies: high-redshift, intergalactic medium, ultraviolet: ISM},
     year = 2009,
    month = feb,
   volume = 692,
    pages = {187-211},
      doi = {10.1088/0004-637X/692/1/187},
   adsurl = {http://adsabs.harvard.edu/abs/2009ApJ...692..187W},
  adsnote = {Provided by the SAO/NASA Astrophysics Data System}
}

@ARTICLE{Bailin2010,
   author = {{Bailin}, J. and {Stinson}, G. and {Couchman}, H. and {Harris}, W.~E. and 
	{Wadsley}, J. and {Shen}, S.},
    title = "{Consequences of Cosmic Microwave Background-regulated Star Formation}",
  journal = {\apj},
archivePrefix = "arXiv",
   eprint = {1002.3555},
 keywords = {cosmic background radiation, galaxies: stellar content, globular clusters: general, stars: abundances, stars: formation, stars: luminosity function, mass function},
     year = 2010,
    month = may,
   volume = 715,
    pages = {194-201},
      doi = {10.1088/0004-637X/715/1/194},
   adsurl = {http://adsabs.harvard.edu/abs/2010ApJ...715..194B},
  adsnote = {Provided by the SAO/NASA Astrophysics Data System}
}

@ARTICLE{Ciotti2010,
   author = {{Ciotti}, L. and {Ostriker}, J.~P. and {Proga}, D.},
    title = "{Feedback from Central Black Holes in Elliptical Galaxies. III. Models with Both Radiative and Mechanical Feedback}",
  journal = {\apj},
archivePrefix = "arXiv",
   eprint = {1003.0578},
 keywords = {accretion, accretion disks, black hole physics, galaxies: active, galaxies: nuclei, galaxies: starburst, quasars: general},
     year = 2010,
    month = jul,
   volume = 717,
    pages = {708-723},
      doi = {10.1088/0004-637X/717/2/708},
   adsurl = {http://adsabs.harvard.edu/abs/2010ApJ...717..708C},
  adsnote = {Provided by the SAO/NASA Astrophysics Data System}
}

@ARTICLE{Hopkins2010,
   author = {{Hopkins}, P.~F. and {Quataert}, E.},
    title = "{How do massive black holes get their gas?}",
  journal = {\mnras},
archivePrefix = "arXiv",
   eprint = {0912.3257},
 primaryClass = "astro-ph.CO",
 keywords = {galaxies: active, galaxies: evolution, quasars: general, cosmology: theory},
     year = 2010,
    month = sep,
   volume = 407,
    pages = {1529-1564},
      doi = {10.1111/j.1365-2966.2010.17064.x},
   adsurl = {http://adsabs.harvard.edu/abs/2010MNRAS.407.1529H},
  adsnote = {Provided by the SAO/NASA Astrophysics Data System}
}

@ARTICLE{Governato2010,
   author = {{Governato}, F. and {Brook}, C. and {Mayer}, L. and {Brooks}, A. and 
	{Rhee}, G. and {Wadsley}, J. and {Jonsson}, P. and {Willman}, B. and 
	{Stinson}, G. and {Quinn}, T. and {Madau}, P.},
    title = "{Bulgeless dwarf galaxies and dark matter cores from supernova-driven outflows}",
  journal = {\nat},
archivePrefix = "arXiv",
   eprint = {0911.2237},
     year = 2010,
    month = jan,
   volume = 463,
    pages = {203-206},
      doi = {10.1038/nature08640},
   adsurl = {http://adsabs.harvard.edu/abs/2010Natur.463..203G},
  adsnote = {Provided by the SAO/NASA Astrophysics Data System}
}

@ARTICLE{Murray2010,
   author = {{Murray}, N. and {Quataert}, E. and {Thompson}, T.~A.},
    title = "{The Disruption of Giant Molecular Clouds by Radiation Pressure {\amp} the Efficiency of Star Formation in Galaxies}",
  journal = {\apj},
archivePrefix = "arXiv",
   eprint = {0906.5358},
 primaryClass = "astro-ph.GA",
 keywords = {galaxies: formation, galaxies: general, galaxies: starburst, galaxies: star clusters: general, H II regions, ISM: bubbles, ISM: clouds, stars: formation},
     year = 2010,
    month = jan,
   volume = 709,
    pages = {191-209},
      doi = {10.1088/0004-637X/709/1/191},
   adsurl = {http://adsabs.harvard.edu/abs/2010ApJ...709..191M},
  adsnote = {Provided by the SAO/NASA Astrophysics Data System}
}

@ARTICLE{Peng2010,
   author = {{Peng}, Y.-j. and {Lilly}, S.~J. and {Kova{\v c}}, K. and {Bolzonella}, M. and 
	{Pozzetti}, L. and {Renzini}, A. and {Zamorani}, G. and {Ilbert}, O. and 
	{Knobel}, C. and {Iovino}, A. and {Maier}, C. and {Cucciati}, O. and 
	{Tasca}, L. and {Carollo}, C.~M. and {Silverman}, J. and {Kampczyk}, P. and 
	{de Ravel}, L. and {Sanders}, D. and {Scoville}, N. and {Contini}, T. and 
	{Mainieri}, V. and {Scodeggio}, M. and {Kneib}, J.-P. and {Le F{\`e}vre}, O. and 
	{Bardelli}, S. and {Bongiorno}, A. and {Caputi}, K. and {Coppa}, G. and 
	{de la Torre}, S. and {Franzetti}, P. and {Garilli}, B. and 
	{Lamareille}, F. and {Le Borgne}, J.-F. and {Le Brun}, V. and 
	{Mignoli}, M. and {Perez Montero}, E. and {Pello}, R. and {Ricciardelli}, E. and 
	{Tanaka}, M. and {Tresse}, L. and {Vergani}, D. and {Welikala}, N. and 
	{Zucca}, E. and {Oesch}, P. and {Abbas}, U. and {Barnes}, L. and 
	{Bordoloi}, R. and {Bottini}, D. and {Cappi}, A. and {Cassata}, P. and 
	{Cimatti}, A. and {Fumana}, M. and {Hasinger}, G. and {Koekemoer}, A. and 
	{Leauthaud}, A. and {Maccagni}, D. and {Marinoni}, C. and {McCracken}, H. and 
	{Memeo}, P. and {Meneux}, B. and {Nair}, P. and {Porciani}, C. and 
	{Presotto}, V. and {Scaramella}, R.},
    title = "{Mass and Environment as Drivers of Galaxy Evolution in SDSS and zCOSMOS and the Origin of the Schechter Function}",
  journal = {\apj},
archivePrefix = "arXiv",
   eprint = {1003.4747},
 primaryClass = "astro-ph.CO",
 keywords = {cosmology: observations, galaxies: active, galaxies: distances and redshifts, galaxies: evolution},
     year = 2010,
    month = sep,
   volume = 721,
    pages = {193-221},
      doi = {10.1088/0004-637X/721/1/193},
   adsurl = {http://adsabs.harvard.edu/abs/2010ApJ...721..193P},
  adsnote = {Provided by the SAO/NASA Astrophysics Data System}
}

@ARTICLE{Read2010,
   author = {{Read}, J.~I. and {Hayfield}, T. and {Agertz}, O.},
    title = "{Resolving mixing in smoothed particle hydrodynamics}",
  journal = {\mnras},
archivePrefix = "arXiv",
   eprint = {0906.0774},
 primaryClass = "astro-ph.CO",
 keywords = {hydrodynamics, instabilities, methods: numerical},
     year = 2010,
    month = jul,
   volume = 405,
    pages = {1513-1530},
      doi = {10.1111/j.1365-2966.2010.16577.x},
   adsurl = {http://adsabs.harvard.edu/abs/2010MNRAS.405.1513R},
  adsnote = {Provided by the SAO/NASA Astrophysics Data System}
}

@ARTICLE{Samui2010,
   author = {{Samui}, S. and {Subramanian}, K. and {Srianand}, R.},
    title = "{Cosmic ray driven outflows from high-redshift galaxies}",
  journal = {\mnras},
archivePrefix = "arXiv",
   eprint = {0909.3854},
 keywords = {stars: winds, outflows, galaxies: high-redshift, galaxies: ISM, galaxies: starburst},
     year = 2010,
    month = mar,
   volume = 402,
    pages = {2778-2791},
      doi = {10.1111/j.1365-2966.2009.16099.x},
   adsurl = {http://adsabs.harvard.edu/abs/2010MNRAS.402.2778S},
  adsnote = {Provided by the SAO/NASA Astrophysics Data System}
}

@ARTICLE{Shen2010,
   author = {{Shen}, S. and {Wadsley}, J. and {Stinson}, G.},
    title = "{The enrichment of the intergalactic medium with adiabatic feedback - I. Metal cooling and metal diffusion}",
  journal = {\mnras},
archivePrefix = "arXiv",
   eprint = {0910.5956},
 primaryClass = "astro-ph.CO",
 keywords = {diffusion, hydrodynamics, methods: numerical, intergalactic medium, large-scale structure of Universe},
     year = 2010,
    month = sep,
   volume = 407,
    pages = {1581-1596},
      doi = {10.1111/j.1365-2966.2010.17047.x},
   adsurl = {http://adsabs.harvard.edu/abs/2010MNRAS.407.1581S},
  adsnote = {Provided by the SAO/NASA Astrophysics Data System}
}

@ARTICLE{Steidel2010,
   author = {{Steidel}, C.~C. and {Erb}, D.~K. and {Shapley}, A.~E. and {Pettini}, M. and 
    {Reddy}, N. and {Bogosavljevi{\'c}}, M. and {Rudie}, G.~C. and 
    {Rakic}, O.},
    title = "{The Structure and Kinematics of the Circumgalactic Medium from Far-ultraviolet Spectra of z \~{}= 2-3 Galaxies}",
  journal = {\apj},
archivePrefix = "arXiv",
   eprint = {1003.0679},
 primaryClass = "astro-ph.CO",
 keywords = {cosmology: observations, galaxies: evolution, galaxies: high-redshift},
     year = 2010,
    month = jul,
   volume = 717,
    pages = {289-322},
      doi = {10.1088/0004-637X/717/1/289},
   adsurl = {http://adsabs.harvard.edu/abs/2010ApJ...717..289S},
  adsnote = {Provided by the SAO/NASA Astrophysics Data System}
}

@ARTICLE{Stinson2010,
   author = {{Stinson}, G.~S. and {Bailin}, J. and {Couchman}, H. and {Wadsley}, J. and 
    {Shen}, S. and {Nickerson}, S. and {Brook}, C. and {Quinn}, T.
    },
    title = "{Cosmological galaxy formation simulations using smoothed particle hydrodynamics}",
  journal = {\mnras},
archivePrefix = "arXiv",
   eprint = {1004.0675},
 primaryClass = "astro-ph.CO",
 keywords = {methods: numerical, galaxies: evolution, galaxies: formation},
     year = 2010,
    month = oct,
   volume = 408,
    pages = {812-826},
      doi = {10.1111/j.1365-2966.2010.17187.x},
   adsurl = {http://adsabs.harvard.edu/abs/2010MNRAS.408..812S},
  adsnote = {Provided by the SAO/NASA Astrophysics Data System}
}

@BOOK{Tielens2010,
   author = {{Tielens}, A.~G.~G.~M.},
    title = "{The Physics and Chemistry of the Interstellar Medium}",
booktitle = {The Physics and Chemistry of the Interstellar Medium, by A.~G.~G.~M.~Tielens, Cambridge, UK: Cambridge University Press, 2010},
     year = 2010,
    month = aug,
   adsurl = {http://adsabs.harvard.edu/abs/2010pcim.book.....T},
  adsnote = {Provided by the SAO/NASA Astrophysics Data System}
}

@ARTICLE{Boylan-Kolchin2011,
   author = {{Boylan-Kolchin}, M. and {Bullock}, J.~S. and {Kaplinghat}, M.
	},
    title = "{Too big to fail? The puzzling darkness of massive Milky Way subhaloes}",
  journal = {\mnras},
archivePrefix = "arXiv",
   eprint = {1103.0007},
 primaryClass = "astro-ph.CO",
 keywords = {Galaxy: halo, galaxies: abundances, cosmology: theory, dark matter},
     year = 2011,
    month = jul,
   volume = 415,
    pages = {L40-L44},
      doi = {10.1111/j.1745-3933.2011.01074.x},
   adsurl = {http://adsabs.harvard.edu/abs/2011MNRAS.415L..40B},
  adsnote = {Provided by the SAO/NASA Astrophysics Data System}
}

@ARTICLE{Brook2011,
   author = {{Brook}, C.~B. and {Governato}, F. and {Ro{\v s}kar}, R. and 
    {Stinson}, G. and {Brooks}, A.~M. and {Wadsley}, J. and {Quinn}, T. and 
    {Gibson}, B.~K. and {Snaith}, O. and {Pilkington}, K. and {House}, E. and 
    {Pontzen}, A.},
    title = "{Hierarchical formation of bulgeless galaxies: why outflows have low angular momentum}",
  journal = {\mnras},
archivePrefix = "arXiv",
   eprint = {1010.1004},
 keywords = {galaxies: bulges, galaxies: evolution, galaxies: formation, galaxies: starburst},
     year = 2011,
    month = aug,
   volume = 415,
    pages = {1051-1060},
      doi = {10.1111/j.1365-2966.2011.18545.x},
   adsurl = {http://adsabs.harvard.edu/abs/2011MNRAS.415.1051B},
  adsnote = {Provided by the SAO/NASA Astrophysics Data System}
}

@ARTICLE{Brooks2011,
   author = {{Brooks}, A.~M. and {Solomon}, A.~R. and {Governato}, F. and 
    {McCleary}, J. and {MacArthur}, L.~A. and {Brook}, C.~B.~A. and 
    {Jonsson}, P. and {Quinn}, T.~R. and {Wadsley}, J.},
    title = "{Interpreting the Evolution of the Size-Luminosity Relation for Disk Galaxies from Redshift 1 to the Present}",
  journal = {\apj},
archivePrefix = "arXiv",
   eprint = {1011.0432},
 primaryClass = "astro-ph.CO",
 keywords = {galaxies: evolution, galaxies: fundamental parameters, methods: numerical},
     year = 2011,
    month = feb,
   volume = 728,
      eid = {51},
    pages = {51},
      doi = {10.1088/0004-637X/728/1/51},
   adsurl = {http://adsabs.harvard.edu/abs/2011ApJ...728...51B},
  adsnote = {Provided by the SAO/NASA Astrophysics Data System}
}

@ARTICLE{Creasey2011,
   author = {{Creasey}, P. and {Theuns}, T. and {Bower}, R.~G. and {Lacey}, C.~G.
    },
    title = "{Numerical overcooling in shocks}",
  journal = {\mnras},
archivePrefix = "arXiv",
   eprint = {1106.0306},
 primaryClass = "astro-ph.CO",
 keywords = {hydrodynamics, shock waves, methods: numerical, galaxies: formation, galaxies: ISM},
     year = 2011,
    month = aug,
   volume = 415,
    pages = {3706-3720},
      doi = {10.1111/j.1365-2966.2011.19001.x},
   adsurl = {http://adsabs.harvard.edu/abs/2011MNRAS.415.3706C},
  adsnote = {Provided by the SAO/NASA Astrophysics Data System}
}

@ARTICLE{Font2011,
   author = {{Font}, A.~S. and {Benson}, A.~J. and {Bower}, R.~G. and {Frenk}, C.~S. and 
	{Cooper}, A. and {De Lucia}, G. and {Helly}, J.~C. and {Helmi}, A. and 
	{Li}, Y.-S. and {McCarthy}, I.~G. and {Navarro}, J.~F. and {Springel}, V. and 
	{Starkenburg}, E. and {Wang}, J. and {White}, S.~D.~M.},
    title = "{The population of Milky Way satellites in the {$\Lambda$} cold dark matter cosmology}",
  journal = {\mnras},
archivePrefix = "arXiv",
   eprint = {1103.0024},
 keywords = {Galaxy: evolution, Galaxy: formation, galaxies: dwarf},
     year = 2011,
    month = oct,
   volume = 417,
    pages = {1260-1279},
      doi = {10.1111/j.1365-2966.2011.19339.x},
   adsurl = {http://adsabs.harvard.edu/abs/2011MNRAS.417.1260F},
  adsnote = {Provided by the SAO/NASA Astrophysics Data System}
}

@ARTICLE{Genzel2011,
   author = {{Genzel}, R. and {Newman}, S. and {Jones}, T. and {F{\"o}rster Schreiber}, N.~M. and 
    {Shapiro}, K. and {Genel}, S. and {Lilly}, S.~J. and {Renzini}, A. and 
    {Tacconi}, L.~J. and {Bouch{\'e}}, N. and {Burkert}, A. and 
    {Cresci}, G. and {Buschkamp}, P. and {Carollo}, C.~M. and {Ceverino}, D. and 
    {Davies}, R. and {Dekel}, A. and {Eisenhauer}, F. and {Hicks}, E. and 
    {Kurk}, J. and {Lutz}, D. and {Mancini}, C. and {Naab}, T. and 
    {Peng}, Y. and {Sternberg}, A. and {Vergani}, D. and {Zamorani}, G.
    },
    title = "{The Sins Survey of z \~{} 2 Galaxy Kinematics: Properties of the Giant Star-forming Clumps}",
  journal = {\apj},
archivePrefix = "arXiv",
   eprint = {1011.5360},
 primaryClass = "astro-ph.CO",
 keywords = {cosmology: observations, galaxies: evolution, galaxies: high-redshift, infrared: galaxies},
     year = 2011,
    month = jun,
   volume = 733,
      eid = {101},
    pages = {101},
      doi = {10.1088/0004-637X/733/2/101},
   adsurl = {http://adsabs.harvard.edu/abs/2011ApJ...733..101G},
  adsnote = {Provided by the SAO/NASA Astrophysics Data System}
}

@ARTICLE{Guedes2011,
   author = {{Guedes}, J. and {Callegari}, S. and {Madau}, P. and {Mayer}, L.
    },
    title = "{Forming Realistic Late-type Spirals in a {$\Lambda$}CDM Universe: The Eris Simulation}",
  journal = {\apj},
archivePrefix = "arXiv",
   eprint = {1103.6030},
 primaryClass = "astro-ph.CO",
 keywords = {galaxies: formation},
     year = 2011,
    month = dec,
   volume = 742,
      eid = {76},
    pages = {76},
      doi = {10.1088/0004-637X/742/2/76},
   adsurl = {http://adsabs.harvard.edu/abs/2011ApJ...742...76G},
  adsnote = {Provided by the SAO/NASA Astrophysics Data System}
}

@ARTICLE{Guo2011,
   author = {{Guo}, Q. and {White}, S. and {Boylan-Kolchin}, M. and {De Lucia}, G. and 
    {Kauffmann}, G. and {Lemson}, G. and {Li}, C. and {Springel}, V. and 
    {Weinmann}, S.},
    title = "{From dwarf spheroidals to cD galaxies: simulating the galaxy population in a {$\Lambda$}CDM cosmology}",
  journal = {\mnras},
archivePrefix = "arXiv",
   eprint = {1006.0106},
 primaryClass = "astro-ph.CO",
 keywords = {galaxies: haloes, galaxies: luminosity function, mass function, cosmology: theory, dark matter, large-scale structure of Universe},
     year = 2011,
    month = may,
   volume = 413,
    pages = {101-131},
      doi = {10.1111/j.1365-2966.2010.18114.x},
   adsurl = {http://adsabs.harvard.edu/abs/2011MNRAS.413..101G},
  adsnote = {Provided by the SAO/NASA Astrophysics Data System}
}

@ARTICLE{Hopkins2011,
   author = {{Hopkins}, P.~F. and {Quataert}, E. and {Murray}, N.},
    title = "{Self-regulated star formation in galaxies via momentum input from massive stars}",
  journal = {\mnras},
archivePrefix = "arXiv",
   eprint = {1101.4940},
 primaryClass = "astro-ph.CO",
 keywords = {galaxies: evolution, galaxies: formation, cosmology: theory},
     year = 2011,
    month = oct,
   volume = 417,
    pages = {950-973},
      doi = {10.1111/j.1365-2966.2011.19306.x},
   adsurl = {http://adsabs.harvard.edu/abs/2011MNRAS.417..950H},
  adsnote = {Provided by the SAO/NASA Astrophysics Data System}
}

@ARTICLE{Nickerson2011,
   author = {{Nickerson}, S. and {Stinson}, G. and {Couchman}, H.~M.~P. and 
	{Bailin}, J. and {Wadsley}, J.},
    title = "{Mechanisms of baryon loss for dark satellites in cosmological smoothed particle hydrodynamics simulations}",
  journal = {\mnras},
archivePrefix = "arXiv",
   eprint = {1103.3285},
 keywords = {methods: numerical, galaxies: dwarf, galaxies: evolution, cosmology: theory},
     year = 2011,
    month = jul,
   volume = 415,
    pages = {257-270},
      doi = {10.1111/j.1365-2966.2011.18700.x},
   adsurl = {http://adsabs.harvard.edu/abs/2011MNRAS.415..257N},
  adsnote = {Provided by the SAO/NASA Astrophysics Data System}
}

@ARTICLE{Marasco2011,
   author = {{Marasco}, A. and {Fraternali}, F.},
    title = "{Modelling the H I halo of the Milky Way}",
  journal = {\aap},
archivePrefix = "arXiv",
   eprint = {1010.3563},
 primaryClass = "astro-ph.GA",
 keywords = {ISM: kinematics and dynamics, Galaxy: halo, Galaxy: structure, ISM: structure},
     year = 2011,
    month = jan,
   volume = 525,
      eid = {A134},
    pages = {A134},
      doi = {10.1051/0004-6361/201015508},
   adsurl = {http://adsabs.harvard.edu/abs/2011A%26A...525A.134M},
  adsnote = {Provided by the SAO/NASA Astrophysics Data System}
}

@ARTICLE{Murray2011,
   author = {{Murray}, N. and {M{\'e}nard}, B. and {Thompson}, T.~A.},
    title = "{Radiation Pressure from Massive Star Clusters as a Launching Mechanism for Super-galactic Winds}",
  journal = {\apj},
archivePrefix = "arXiv",
   eprint = {1005.4419},
 keywords = {dust, extinction, galaxies: star clusters: general, intergalactic medium, ISM: structure, quasars: absorption lines},
     year = 2011,
    month = jul,
   volume = 735,
      eid = {66},
    pages = {66},
      doi = {10.1088/0004-637X/735/1/66},
   adsurl = {http://adsabs.harvard.edu/abs/2011ApJ...735...66M},
  adsnote = {Provided by the SAO/NASA Astrophysics Data System}
}

@ARTICLE{Peeples2011,
   author = {{Peeples}, M.~S. and {Shankar}, F.},
    title = "{Constraints on star formation driven galaxy winds from the mass-metallicity relation at z= 0}",
  journal = {\mnras},
archivePrefix = "arXiv",
   eprint = {1007.3743},
 primaryClass = "astro-ph.CO",
 keywords = {ISM: abundances, ISM: jets and outflows, galaxies: abundances, galaxies: evolution, galaxies: fundamental parameters, galaxies: ISM},
     year = 2011,
    month = nov,
   volume = 417,
    pages = {2962-2981},
      doi = {10.1111/j.1365-2966.2011.19456.x},
   adsurl = {http://adsabs.harvard.edu/abs/2011MNRAS.417.2962P},
  adsnote = {Provided by the SAO/NASA Astrophysics Data System}
}

@ARTICLE{Prochaska2011,
   author = {{Prochaska}, J.~X. and {Weiner}, B. and {Chen}, H.-W. and {Mulchaey}, J. and 
	{Cooksey}, K.},
    title = "{Probing the Intergalactic Medium/Galaxy Connection. V. On the Origin of Ly{$\alpha$} and O VI Absorption at z $\lt$ 0.2}",
  journal = {\apj},
archivePrefix = "arXiv",
   eprint = {1103.1891},
 keywords = {galaxies: structure, intergalactic medium, large-scale structure of universe, quasars: absorption lines},
     year = 2011,
    month = oct,
   volume = 740,
      eid = {91},
    pages = {91},
      doi = {10.1088/0004-637X/740/2/91},
   adsurl = {http://adsabs.harvard.edu/abs/2011ApJ...740...91P},
  adsnote = {Provided by the SAO/NASA Astrophysics Data System}
}

@ARTICLE{Walker2011,
   author = {{Walker}, M.~G. and {Pe{\~n}arrubia}, J.},
    title = "{A Method for Measuring (Slopes of) the Mass Profiles of Dwarf Spheroidal Galaxies}",
  journal = {\apj},
archivePrefix = "arXiv",
   eprint = {1108.2404},
 keywords = {dark matter, galaxies: dwarf, galaxies: fundamental parameters, galaxies: kinematics and dynamics},
     year = 2011,
    month = nov,
   volume = 742,
      eid = {20},
    pages = {20},
      doi = {10.1088/0004-637X/742/1/20},
   adsurl = {http://adsabs.harvard.edu/abs/2011ApJ...742...20W},
  adsnote = {Provided by the SAO/NASA Astrophysics Data System}
}


@ARTICLE{Aprile2012,
   author = {{Aprile}, E. and {Alfonsi}, M. and {Arisaka}, K. and {Arneodo}, F. and 
	{Balan}, C. and {Baudis}, L. and {Bauermeister}, B. and {Behrens}, A. and 
	{Beltrame}, P. and {Bokeloh}, K. and {Brown}, E. and {Bruno}, G. and 
	{Budnik}, R. and {Cardoso}, J.~M.~R. and {Chen}, W.-T. and {Choi}, B. and 
	{Cline}, D. and {Colijn}, A.~P. and {Contreras}, H. and {Cussonneau}, J.~P. and 
	{Decowski}, M.~P. and {Duchovni}, E. and {Fattori}, S. and {Ferella}, A.~D. and 
	{Fulgione}, W. and {Gao}, F. and {Garbini}, M. and {Ghag}, C. and 
	{Giboni}, K.-L. and {Goetzke}, L.~W. and {Grignon}, C. and {Gross}, E. and 
	{Hampel}, W. and {Kaether}, F. and {Kish}, A. and {Lamblin}, J. and 
	{Landsman}, H. and {Lang}, R.~F. and {Le Calloch}, M. and {Levy}, C. and 
	{Lim}, K.~E. and {Lin}, Q. and {Lindemann}, S. and {Lindner}, M. and 
	{Lopes}, J.~A.~M. and {Lung}, K. and {Marrod{\'a}n Undagoitia}, T. and 
	{Massoli}, F.~V. and {Melgarejo Fernandez}, A.~J. and {Meng}, Y. and 
	{Molinario}, A. and {Nativ}, E. and {Ni}, K. and {Oberlack}, U. and 
	{Orrigo}, S.~E.~A. and {Pantic}, E. and {Persiani}, R. and {Plante}, G. and 
	{Priel}, N. and {Rizzo}, A. and {Rosendahl}, S. and {dos Santos}, J.~M.~F. and 
	{Sartorelli}, G. and {Schreiner}, J. and {Schumann}, M. and 
	{Scotto Lavina}, L. and {Scovell}, P.~R. and {Selvi}, M. and 
	{Shagin}, P. and {Simgen}, H. and {Teymourian}, A. and {Thers}, D. and 
	{Vitells}, O. and {Wang}, H. and {Weber}, M. and {Weinheimer}, C.
	},
    title = "{Dark Matter Results from 225 Live Days of XENON100 Data}",
  journal = {Physical Review Letters},
archivePrefix = "arXiv",
   eprint = {1207.5988},
 primaryClass = "astro-ph.CO",
 keywords = {Dark matter, Supersymmetric partners of known particles, Radiation detectors, Neutrino muon pion and other elementary particle detectors, cosmic ray detectors},
     year = 2012,
    month = nov,
   volume = 109,
   number = 18,
      eid = {181301},
    pages = {181301},
      doi = {10.1103/PhysRevLett.109.181301},
   adsurl = {http://adsabs.harvard.edu/abs/2012PhRvL.109r1301A},
  adsnote = {Provided by the SAO/NASA Astrophysics Data System}
}
  
@ARTICLE{Brook2012,
   author = {{Brook}, C.~B. and {Stinson}, G. and {Gibson}, B.~K. and {Ro{\v s}kar}, R. and 
    {Wadsley}, J. and {Quinn}, T.},
    title = "{Hierarchical formation of bulgeless galaxies - II. Redistribution of angular momentum via galactic fountains}",
  journal = {\mnras},
archivePrefix = "arXiv",
   eprint = {1105.2562},
 primaryClass = "astro-ph.CO",
 keywords = {galaxies: bulges, galaxies: evolution, galaxies: formation, galaxies: spiral},
     year = 2012,
    month = jan,
   volume = 419,
    pages = {771-779},
      doi = {10.1111/j.1365-2966.2011.19740.x},
   adsurl = {http://adsabs.harvard.edu/abs/2012MNRAS.419..771B},
  adsnote = {Provided by the SAO/NASA Astrophysics Data System}
}

@ARTICLE{Dale2012,
   author = {{Dale}, J.~E. and {Ercolano}, B. and {Bonnell}, I.~A.},
    title = "{Ionizing feedback from massive stars in massive clusters - II. Disruption of bound clusters by photoionization}",
  journal = {\mnras},
archivePrefix = "arXiv",
   eprint = {1205.0360},
 keywords = {stars: formation, H II regions},
     year = 2012,
    month = jul,
   volume = 424,
    pages = {377-392},
      doi = {10.1111/j.1365-2966.2012.21205.x},
   adsurl = {http://adsabs.harvard.edu/abs/2012MNRAS.424..377D},
  adsnote = {Provided by the SAO/NASA Astrophysics Data System}
}

@ARTICLE{DallaVecchia2012,
   author = {{Dalla Vecchia}, C. and {Schaye}, J.},
    title = "{Simulating galactic outflows with thermal supernova feedback}",
  journal = {\mnras},
archivePrefix = "arXiv",
   eprint = {1203.5667},
 primaryClass = "astro-ph.GA",
 keywords = {methods: numerical, ISM: bubbles, ISM: jets and outflows, galaxies: evolution, galaxies: formation, galaxies: ISM },
     year = 2012,
    month = oct,
   volume = 426,
    pages = {140-158},
      doi = {10.1111/j.1365-2966.2012.21704.x},
   adsurl = {http://adsabs.harvard.edu/abs/2012MNRAS.426..140D},
  adsnote = {Provided by the SAO/NASA Astrophysics Data System}
}

@ARTICLE{Dehnen2012,
   author = {{Dehnen}, W. and {Aly}, H.},
    title = "{Improving convergence in smoothed particle hydrodynamics simulations without pairing instability}",
  journal = {\mnras},
archivePrefix = "arXiv",
   eprint = {1204.2471},
 primaryClass = "astro-ph.IM",
 keywords = {hydrodynamics, methods: numerical },
     year = 2012,
    month = sep,
   volume = 425,
    pages = {1068-1082},
      doi = {10.1111/j.1365-2966.2012.21439.x},
   adsurl = {http://adsabs.harvard.edu/abs/2012MNRAS.425.1068D},
  adsnote = {Provided by the SAO/NASA Astrophysics Data System}
}

@ARTICLE{Durier2012,
   author = {{Durier}, F. and {Dalla Vecchia}, C.},
    title = "{Implementation of feedback in smoothed particle hydrodynamics: towards concordance of methods}",
  journal = {\mnras},
archivePrefix = "arXiv",
   eprint = {1105.3729},
 primaryClass = "astro-ph.CO",
 keywords = {hydrodynamics, shock waves, methods: numerical, ISM: bubbles, galaxies: evolution},
     year = 2012,
    month = jan,
   volume = 419,
    pages = {465-478},
      doi = {10.1111/j.1365-2966.2011.19712.x},
   adsurl = {http://adsabs.harvard.edu/abs/2012MNRAS.419..465D},
  adsnote = {Provided by the SAO/NASA Astrophysics Data System}
}

@ARTICLE{Gendelev2012,
   author = {{Gendelev}, L. and {Krumholz}, M.~R.},
    title = "{Evolution of Blister-type H II Regions in a Magnetized Medium}",
  journal = {\apj},
archivePrefix = "arXiv",
   eprint = {1110.4645},
 primaryClass = "astro-ph.GA",
 keywords = {H II regions, ISM: clouds, ISM: kinematics and dynamics, ISM: magnetic fields, magnetohydrodynamics: MHD, radiative transfer, stars: formation},
     year = 2012,
    month = feb,
   volume = 745,
      eid = {158},
    pages = {158},
      doi = {10.1088/0004-637X/745/2/158},
   adsurl = {http://adsabs.harvard.edu/abs/2012ApJ...745..158G},
  adsnote = {Provided by the SAO/NASA Astrophysics Data System}
}

@ARTICLE{Gupta2012,
   author = {{Gupta}, A. and {Mathur}, S. and {Krongold}, Y. and {Nicastro}, F. and 
	{Galeazzi}, M.},
    title = "{A Huge Reservoir of Ionized Gas around the Milky Way: Accounting for the Missing Mass?}",
  journal = {\apjl},
archivePrefix = "arXiv",
   eprint = {1205.5037},
 primaryClass = "astro-ph.HE",
 keywords = {cosmology: observations, Galaxy: halo, intergalactic medium, quasars: absorption lines, X-rays: galaxies},
     year = 2012,
    month = sep,
   volume = 756,
      eid = {L8},
    pages = {L8},
      doi = {10.1088/2041-8205/756/1/L8},
   adsurl = {http://adsabs.harvard.edu/abs/2012ApJ...756L...8G},
  adsnote = {Provided by the SAO/NASA Astrophysics Data System}
}

@ARTICLE{Hopkins2012a,
   author = {{Hopkins}, P.~F. and {Quataert}, E. and {Murray}, N.},
    title = "{The structure of the interstellar medium of star-forming galaxies}",
  journal = {\mnras},
archivePrefix = "arXiv",
   eprint = {1110.4636},
 primaryClass = "astro-ph.CO",
 keywords = {stars: formation, galaxies: active, galaxies: evolution, galaxies: formation, cosmology: theory},
     year = 2012,
    month = apr,
   volume = 421,
    pages = {3488-3521},
      doi = {10.1111/j.1365-2966.2012.20578.x},
   adsurl = {http://adsabs.harvard.edu/abs/2012MNRAS.421.3488H},
  adsnote = {Provided by the SAO/NASA Astrophysics Data System}
}

@ARTICLE{Hopkins2012b,
   author = {{Hopkins}, P.~F. and {Quataert}, E. and {Murray}, N.},
    title = "{Stellar feedback in galaxies and the origin of galaxy-scale winds}",
  journal = {\mnras},
archivePrefix = "arXiv",
   eprint = {1110.4638},
 primaryClass = "astro-ph.CO",
 keywords = {stars: formation, galaxies: active, galaxies: evolution, galaxies: formation, cosmology: theory},
     year = 2012,
    month = apr,
   volume = 421,
    pages = {3522-3537},
      doi = {10.1111/j.1365-2966.2012.20593.x},
   adsurl = {http://adsabs.harvard.edu/abs/2012MNRAS.421.3522H},
  adsnote = {Provided by the SAO/NASA Astrophysics Data System}
}

@ARTICLE{Marasco2012,
   author = {{Marasco}, A. and {Fraternali}, F. and {Binney}, J.~J.},
    title = "{Supernova-driven gas accretion in the Milky Way}",
  journal = {\mnras},
archivePrefix = "arXiv",
   eprint = {1109.1010},
 primaryClass = "astro-ph.GA",
 keywords = {ISM: evolution, ISM: kinematics and dynamics, ISM: structure, Galaxy: evolution, Galaxy: halo, Galaxy: kinematics and dynamics},
     year = 2012,
    month = jan,
   volume = 419,
    pages = {1107-1120},
      doi = {10.1111/j.1365-2966.2011.19771.x},
   adsurl = {http://adsabs.harvard.edu/abs/2012MNRAS.419.1107M},
  adsnote = {Provided by the SAO/NASA Astrophysics Data System}
}

@ARTICLE{Martin2012,
   author = {{Martin}, C.~L. and {Shapley}, A.~E. and {Coil}, A.~L. and {Kornei}, K.~A. and 
    {Bundy}, K. and {Weiner}, B.~J. and {Noeske}, K.~G. and {Schiminovich}, D.
    },
    title = "{Demographics and Physical Properties of Gas Outflows/Inflows at 0.4 {\lt} z {\lt} 1.4}",
  journal = {\apj},
archivePrefix = "arXiv",
   eprint = {1206.5552},
 primaryClass = "astro-ph.CO",
 keywords = {galaxies: evolution, galaxies: halos, ISM: structure, quasars: absorption lines, quasars: emission lines, ultraviolet: galaxies},
     year = 2012,
    month = dec,
   volume = 760,
      eid = {127},
    pages = {127},
      doi = {10.1088/0004-637X/760/2/127},
   adsurl = {http://adsabs.harvard.edu/abs/2012ApJ...760..127M},
  adsnote = {Provided by the SAO/NASA Astrophysics Data System}
}

@ARTICLE{Meyer2012,
   author = {{Meyer}, L. and {Ghez}, A.~M. and {Sch{\"o}del}, R. and {Yelda}, S. and 
    {Boehle}, A. and {Lu}, J.~R. and {Do}, T. and {Morris}, M.~R. and 
    {Becklin}, E.~E. and {Matthews}, K.},
    title = "{The Shortest-Known-Period Star Orbiting Our Galaxy{\rsquo}s Supermassive Black Hole}",
  journal = {Science},
archivePrefix = "arXiv",
   eprint = {1210.1294},
     year = 2012,
    month = oct,
   volume = 338,
    pages = {84-},
      doi = {10.1126/science.1225506},
   adsurl = {http://adsabs.harvard.edu/abs/2012Sci...338...84M},
  adsnote = {Provided by the SAO/NASA Astrophysics Data System}
}

@ARTICLE{Newman2012,
   author = {{Newman}, S.~F. and {Genzel}, R. and {F{\"o}rster-Schreiber}, N.~M. and 
    {Shapiro Griffin}, K. and {Mancini}, C. and {Lilly}, S.~J. and 
    {Renzini}, A. and {Bouch{\'e}}, N. and {Burkert}, A. and {Buschkamp}, P. and 
    {Carollo}, C.~M. and {Cresci}, G. and {Davies}, R. and {Eisenhauer}, F. and 
    {Genel}, S. and {Hicks}, E.~K.~S. and {Kurk}, J. and {Lutz}, D. and 
    {Naab}, T. and {Peng}, Y. and {Sternberg}, A. and {Tacconi}, L.~J. and 
    {Vergani}, D. and {Wuyts}, S. and {Zamorani}, G.},
    title = "{The SINS/zC-SINF Survey of z \~{} 2 Galaxy Kinematics: Outflow Properties}",
  journal = {\apj},
archivePrefix = "arXiv",
   eprint = {1207.5897},
 primaryClass = "astro-ph.CO",
 keywords = {cosmology: observations, galaxies: evolution, galaxies: high-redshift, infrared: galaxies},
     year = 2012,
    month = dec,
   volume = 761,
      eid = {43},
    pages = {43},
      doi = {10.1088/0004-637X/761/1/43},
   adsurl = {http://adsabs.harvard.edu/abs/2012ApJ...761...43N},
  adsnote = {Provided by the SAO/NASA Astrophysics Data System}
}

@ARTICLE{Pontzen2012,
   author = {{Pontzen}, A. and {Governato}, F.},
    title = "{How supernova feedback turns dark matter cusps into cores}",
  journal = {\mnras},
archivePrefix = "arXiv",
   eprint = {1106.0499},
 keywords = {galaxies: dwarf, dark matter},
     year = 2012,
    month = apr,
   volume = 421,
    pages = {3464-3471},
      doi = {10.1111/j.1365-2966.2012.20571.x},
   adsurl = {http://adsabs.harvard.edu/abs/2012MNRAS.421.3464P},
  adsnote = {Provided by the SAO/NASA Astrophysics Data System}
}

@ARTICLE{Sales2012,
   author = {{Sales}, L.~V. and {Navarro}, J.~F. and {Theuns}, T. and {Schaye}, J. and 
    {White}, S.~D.~M. and {Frenk}, C.~S. and {Crain}, R.~A. and 
    {Dalla Vecchia}, C.},
    title = "{The origin of discs and spheroids in simulated galaxies}",
  journal = {\mnras},
archivePrefix = "arXiv",
   eprint = {1112.2220},
 primaryClass = "astro-ph.CO",
 keywords = {Galaxy: formation, Galaxy: kinematics and dynamics, Galaxy: structure},
     year = 2012,
    month = jun,
   volume = 423,
    pages = {1544-1555},
      doi = {10.1111/j.1365-2966.2012.20975.x},
   adsurl = {http://adsabs.harvard.edu/abs/2012MNRAS.423.1544S},
  adsnote = {Provided by the SAO/NASA Astrophysics Data System}
}

@ARTICLE{Scannapieco2012,
 author = {{Scannapieco}, C. and {Wadepuhl}, M. and {Parry}, O.~H. and 
    {Navarro}, J.~F. and {Jenkins}, A. and {Springel}, V. and {Teyssier}, R. and 
    {Carlson}, E. and {Couchman}, H.~M.~P. and {Crain}, R.~A. and 
    {Dalla Vecchia}, C. and {Frenk}, C.~S. and {Kobayashi}, C. and 
    {Monaco}, P. and {Murante}, G. and {Okamoto}, T. and {Quinn}, T. and 
    {Schaye}, J. and {Stinson}, G.~S. and {Theuns}, T. and {Wadsley}, J. and 
    {White}, S.~D.~M. and {Woods}, R.},
    title = "{The Aquila comparison project: the effects of feedback and numerical methods on simulations of galaxy formation}",
  journal = {\mnras},
   eprint = {1112.0315},
 primaryClass = "astro-ph.GA",
 keywords = {methods: numerical, galaxies: evolution, galaxies: formation, cosmology: theory},
     year = 2012,
    month = jun,
   volume = 423,
    pages = {1726-1749},
      doi = {10.1111/j.1365-2966.2012.20993.x},
   adsurl = {http://adsabs.harvard.edu/abs/2012MNRAS.423.1726S},
  adsnote = {Provided by the SAO/NASA Astrophysics Data System}
}

@ARTICLE{Walch2012,
   author = {{Walch}, S.~K. and {Whitworth}, A.~P. and {Bisbas}, T. and {W{\"u}nsch}, R. and 
    {Hubber}, D.},
    title = "{Dispersal of molecular clouds by ionizing radiation}",
  journal = {\mnras},
archivePrefix = "arXiv",
   eprint = {1206.6492},
 primaryClass = "astro-ph.GA",
 keywords = {stars: formation, hydrodynamics, ISM: bubbles, H II regions, galaxies: ISM},
     year = 2012,
    month = nov,
   volume = 427,
    pages = {625-636},
      doi = {10.1111/j.1365-2966.2012.21767.x},
   adsurl = {http://adsabs.harvard.edu/abs/2012MNRAS.427..625W},
  adsnote = {Provided by the SAO/NASA Astrophysics Data System}
}

@ARTICLE{Agertz2013,
   author = {{Agertz}, O. and {Kravtsov}, A.~V. and {Leitner}, S.~N. and 
    {Gnedin}, N.~Y.},
    title = "{Toward a Complete Accounting of Energy and Momentum from Stellar Feedback in Galaxy Formation Simulations}",
  journal = {\apj},
archivePrefix = "arXiv",
   eprint = {1210.4957},
 primaryClass = "astro-ph.CO",
 keywords = {galaxies: evolution, galaxies: ISM, ISM: structure, methods: numerical, stars: formation },
     year = 2013,
    month = jun,
   volume = 770,
      eid = {25},
    pages = {25},
      doi = {10.1088/0004-637X/770/1/25},
   adsurl = {http://adsabs.harvard.edu/abs/2013ApJ...770...25A},
  adsnote = {Provided by the SAO/NASA Astrophysics Data System}
}

@ARTICLE{Aumer2013,
   author = {{Aumer}, M. and {White}, S.~D.~M. and {Naab}, T. and {Scannapieco}, C.
    },
    title = "{Towards a more realistic population of bright spiral galaxies in cosmological simulations}",
  journal = {\mnras},
archivePrefix = "arXiv",
   eprint = {1304.1559},
 primaryClass = "astro-ph.GA",
 keywords = {methods: numerical, galaxies: evolution, galaxies: formation, galaxies: kinematics and dynamics, galaxies: structure},
     year = 2013,
    month = oct,
   volume = 434,
    pages = {3142-3164},
      doi = {10.1093/mnras/stt1230},
   adsurl = {http://adsabs.harvard.edu/abs/2013MNRAS.434.3142A},
  adsnote = {Provided by the SAO/NASA Astrophysics Data System}
}

@ARTICLE{Behroozi2013,
   author = {{Behroozi}, P.~S. and {Wechsler}, R.~H. and {Conroy}, C.},
    title = "{The Average Star Formation Histories of Galaxies in Dark Matter Halos from z = 0-8}",
  journal = {\apj},
archivePrefix = "arXiv",
   eprint = {1207.6105},
 primaryClass = "astro-ph.CO",
 keywords = {dark matter, galaxies: abundances, galaxies: evolution, methods: numerical},
     year = 2013,
    month = jun,
   volume = 770,
      eid = {57},
    pages = {57},
      doi = {10.1088/0004-637X/770/1/57},
   adsurl = {http://adsabs.harvard.edu/abs/2013ApJ...770...57B},
  adsnote = {Provided by the SAO/NASA Astrophysics Data System}
}

@ARTICLE{Booth2013,
   author = {{Booth}, C.~M. and {Agertz}, O. and {Kravtsov}, A.~V. and {Gnedin}, N.~Y.
    },
    title = "{Simulations of Disk Galaxies with Cosmic Ray Driven Galactic Winds}",
  journal = {\apjl},
archivePrefix = "arXiv",
   eprint = {1308.4974},
 keywords = {cosmic rays, galaxies: formation, methods: numerical },
     year = 2013,
    month = nov,
   volume = 777,
      eid = {L16},
    pages = {L16},
      doi = {10.1088/2041-8205/777/1/L16},
   adsurl = {http://adsabs.harvard.edu/abs/2013ApJ...777L..16B},
  adsnote = {Provided by the SAO/NASA Astrophysics Data System}
}

@ARTICLE{Creasey2013,
   author = {{Creasey}, P. and {Theuns}, T. and {Bower}, R.~G.},
    title = "{How supernova explosions power galactic winds}",
  journal = {\mnras},
archivePrefix = "arXiv",
   eprint = {1211.1395},
 keywords = {hydrodynamics, methods: numerical, galaxies: formation, galaxies: ISM},
     year = 2013,
    month = mar,
   volume = 429,
    pages = {1922-1948},
      doi = {10.1093/mnras/sts439},
   adsurl = {http://adsabs.harvard.edu/abs/2013MNRAS.429.1922C},
  adsnote = {Provided by the SAO/NASA Astrophysics Data System}
}

@ARTICLE{Fang2013,
   author = {{Fang}, J.~J. and {Faber}, S.~M. and {Koo}, D.~C. and {Dekel}, A.
	},
    title = "{A Link between Star Formation Quenching and Inner Stellar Mass Density in Sloan Digital Sky Survey Central Galaxies}",
  journal = {\apj},
archivePrefix = "arXiv",
   eprint = {1308.5224},
 keywords = {galaxies: bulges, galaxies: evolution, galaxies: fundamental parameters, galaxies: star formation, galaxies: structure},
     year = 2013,
    month = oct,
   volume = 776,
      eid = {63},
    pages = {63},
      doi = {10.1088/0004-637X/776/1/63},
   adsurl = {http://adsabs.harvard.edu/abs/2013ApJ...776...63F},
  adsnote = {Provided by the SAO/NASA Astrophysics Data System}
}

@ARTICLE{Ferland2013,
   author = {{Ferland}, G.~J. and {Porter}, R.~L. and {van Hoof}, P.~A.~M. and 
    {Williams}, R.~J.~R. and {Abel}, N.~P. and {Lykins}, M.~L. and 
    {Shaw}, G. and {Henney}, W.~J. and {Stancil}, P.~C.},
    title = "{The 2013 Release of Cloudy}",
  journal = {RMxAA},
archivePrefix = "arXiv",
   eprint = {1302.4485},
 primaryClass = "astro-ph.GA",
 keywords = {atomic processes, galaxies: active, methods: numerical, molecular processes, radiation mechanisms: general},
     year = 2013,
    month = apr,
   volume = 49,
    pages = {137-163},
   adsurl = {http://adsabs.harvard.edu/abs/2013RMxAA..49..137F},
  adsnote = {Provided by the SAO/NASA Astrophysics Data System}
}

@ARTICLE{Hanasz2013,
   author = {{Hanasz}, M. and {Lesch}, H. and {Naab}, T. and {Gawryszczak}, A. and 
    {Kowalik}, K. and {W{\'o}lta{\'n}ski}, D.},
    title = "{Cosmic Rays Can Drive Strong Outflows from Gas-rich High-redshift Disk Galaxies}",
  journal = {\apjl},
archivePrefix = "arXiv",
   eprint = {1310.3273},
 keywords = {cosmic rays, galaxies: general, galaxies: ISM, ISM: magnetic fields},
     year = 2013,
    month = nov,
   volume = 777,
      eid = {L38},
    pages = {L38},
      doi = {10.1088/2041-8205/777/2/L38},
   adsurl = {http://adsabs.harvard.edu/abs/2013ApJ...777L..38H},
  adsnote = {Provided by the SAO/NASA Astrophysics Data System}
}

@ARTICLE{Hopkins2013,
   author = {{Hopkins}, P.~F.},
    title = "{A general class of Lagrangian smoothed particle hydrodynamics methods and implications for fluid mixing problems}",
  journal = {\mnras},
archivePrefix = "arXiv",
   eprint = {1206.5006},
 primaryClass = "astro-ph.IM",
 keywords = {hydrodynamics, instabilities, turbulence, methods: numerical, cosmology: theory},
     year = 2013,
    month = feb,
   volume = 428,
    pages = {2840-2856},
      doi = {10.1093/mnras/sts210},
   adsurl = {http://adsabs.harvard.edu/abs/2013MNRAS.428.2840H},
  adsnote = {Provided by the SAO/NASA Astrophysics Data System}
}

@ARTICLE{Kauffmann2013,
   author = {{Kauffmann}, G. and {Li}, C. and {Zhang}, W. and {Weinmann}, S.
	},
    title = "{A re-examination of galactic conformity and a comparison with semi-analytic models of galaxy formation}",
  journal = {\mnras},
archivePrefix = "arXiv",
   eprint = {1209.3306},
 keywords = {galaxies: evolution, galaxies: haloes, galaxies: statistics},
     year = 2013,
    month = apr,
   volume = 430,
    pages = {1447-1456},
      doi = {10.1093/mnras/stt007},
   adsurl = {http://adsabs.harvard.edu/abs/2013MNRAS.430.1447K},
  adsnote = {Provided by the SAO/NASA Astrophysics Data System}
}

@ARTICLE{Kawata2013,
   author = {{Kawata}, D. and {Okamoto}, T. and {Gibson}, B.~K. and {Barnes}, D.~J. and 
    {Cen}, R.},
    title = "{Calibrating an updated smoothed particle hydrodynamics scheme within gcd+}",
  journal = {\mnras},
archivePrefix = "arXiv",
   eprint = {0902.4002},
 primaryClass = "astro-ph.CO",
 keywords = {hydrodynamics, instabilities, methods: numerical},
     year = 2013,
    month = jan,
   volume = 428,
    pages = {1968-1979},
      doi = {10.1093/mnras/sts161},
   adsurl = {http://adsabs.harvard.edu/abs/2013MNRAS.428.1968K},
  adsnote = {Provided by the SAO/NASA Astrophysics Data System}
}

@ARTICLE{Kim2013,
   author = {{Kim}, J.-h. and {Abel}, T. and {Agertz}, O. and {for the AGORA Collaboration}},
    title = "{The AGORA High-Resolution Galaxy Simulations Comparison Project}",
  journal = {ArXiv e-prints},
archivePrefix = "arXiv",
   eprint = {1308.2669},
 primaryClass = "astro-ph.GA",
 keywords = {Astrophysics - Galaxy Astrophysics, Astrophysics - Cosmology and Extragalactic Astrophysics},
     year = 2013,
    month = aug,
   adsurl = {http://adsabs.harvard.edu/abs/2013arXiv1308.2669K},
  adsnote = {Provided by the SAO/NASA Astrophysics Data System}
}

@ARTICLE{Kormendy2013,
   author = {{Kormendy}, J. and {Ho}, L.~C.},
    title = "{Coevolution (Or Not) of Supermassive Black Holes and Host Galaxies}",
  journal = {\araa},
archivePrefix = "arXiv",
   eprint = {1304.7762},
     year = 2013,
    month = aug,
   volume = 51,
    pages = {511-653},
      doi = {10.1146/annurev-astro-082708-101811},
   adsurl = {http://adsabs.harvard.edu/abs/2013ARA%26A..51..511K},
  adsnote = {Provided by the SAO/NASA Astrophysics Data System}
}

@ARTICLE{Krumholz2013,
   author = {{Krumholz}, M.~R. and {Thompson}, T.~A.},
    title = "{Numerical simulations of radiatively driven dusty winds}",
  journal = {\mnras},
archivePrefix = "arXiv",
   eprint = {1302.4440},
 primaryClass = "astro-ph.CO",
 keywords = {hydrodynamics, instabilities, ISM: jets and outflows, radiative transfer, galaxies: ISM, galaxies: star clusters},
     year = 2013,
    month = sep,
   volume = 434,
    pages = {2329-2346},
      doi = {10.1093/mnras/stt1174},
   adsurl = {http://adsabs.harvard.edu/abs/2013MNRAS.434.2329K},
  adsnote = {Provided by the SAO/NASA Astrophysics Data System}
}

@ARTICLE{Moster2013,
   author = {{Moster}, B.~P. and {Naab}, T. and {White}, S.~D.~M.},
    title = "{Galactic star formation and accretion histories from matching galaxies to dark matter haloes}",
  journal = {\mnras},
archivePrefix = "arXiv",
   eprint = {1205.5807},
 primaryClass = "astro-ph.CO",
 keywords = {galaxies: evolution, galaxies: high-redshift, galaxies: statistics, galaxies: stellar content, cosmology: theory, dark matter},
     year = 2013,
    month = feb,
   volume = 428,
    pages = {3121-3138},
      doi = {10.1093/mnras/sts261},
   adsurl = {http://adsabs.harvard.edu/abs/2013MNRAS.428.3121M},
  adsnote = {Provided by the SAO/NASA Astrophysics Data System}
}

@ARTICLE{Munshi2013,
   author = {{Munshi}, F. and {Governato}, F. and {Brooks}, A.~M. and {Christensen}, C. and 
    {Shen}, S. and {Loebman}, S. and {Moster}, B. and {Quinn}, T. and 
    {Wadsley}, J.},
    title = "{Reproducing the Stellar Mass/Halo Mass Relation in Simulated {$\Lambda$}CDM Galaxies: Theory versus Observational Estimates}",
  journal = {\apj},
archivePrefix = "arXiv",
   eprint = {1209.1389},
 primaryClass = "astro-ph.CO",
 keywords = {galaxies: evolution, galaxies: formation},
     year = 2013,
    month = mar,
   volume = 766,
      eid = {56},
    pages = {56},
      doi = {10.1088/0004-637X/766/1/56},
   adsurl = {http://adsabs.harvard.edu/abs/2013ApJ...766...56M},
  adsnote = {Provided by the SAO/NASA Astrophysics Data System}
}

@ARTICLE{Nath2013,
   author = {{Nath}, B.~B. and {Shchekinov}, Y.},
    title = "{Conditions for Supernovae-driven Galactic Winds}",
  journal = {\apjl},
archivePrefix = "arXiv",
   eprint = {1309.1538},
 primaryClass = "astro-ph.CO",
 keywords = {galaxies: ISM, galaxies: starburst, ISM: bubbles, ISM: clouds, ISM: supernova remnants },
     year = 2013,
    month = nov,
   volume = 777,
      eid = {L12},
    pages = {L12},
      doi = {10.1088/2041-8205/777/1/L12},
   adsurl = {http://adsabs.harvard.edu/abs/2013ApJ...777L..12N},
  adsnote = {Provided by the SAO/NASA Astrophysics Data System}
}

@ARTICLE{Nickerson2013,
   author = {{Nickerson}, S. and {Stinson}, G. and {Couchman}, H.~M.~P. and 
	{Bailin}, J. and {Wadsley}, J.},
    title = "{The luminosity function of diverse satellite galaxy systems}",
  journal = {\mnras},
archivePrefix = "arXiv",
   eprint = {1211.1975},
 keywords = {methods: numerical, galaxies: dwarf, galaxies: evolution, cosmology: theory},
     year = 2013,
    month = feb,
   volume = 429,
    pages = {452-457},
      doi = {10.1093/mnras/sts348},
   adsurl = {http://adsabs.harvard.edu/abs/2013MNRAS.429..452N},
  adsnote = {Provided by the SAO/NASA Astrophysics Data System}
}

@ARTICLE{Rogers2013,
   author = {{Rogers}, H. and {Pittard}, J.~M.},
    title = "{Feedback from winds and supernovae in massive stellar clusters - I. Hydrodynamics}",
  journal = {\mnras},
archivePrefix = "arXiv",
   eprint = {1302.2443},
 primaryClass = "astro-ph.SR",
 keywords = {hydrodynamics, supernovae: general, ISM: general},
     year = 2013,
    month = may,
   volume = 431,
    pages = {1337-1351},
      doi = {10.1093/mnras/stt255},
   adsurl = {http://adsabs.harvard.edu/abs/2013MNRAS.431.1337R},
  adsnote = {Provided by the SAO/NASA Astrophysics Data System}
}

@ARTICLE{Saitoh2013,
   author = {{Saitoh}, T.~R. and {Makino}, J.},
    title = "{A Density-independent Formulation of Smoothed Particle Hydrodynamics}",
  journal = {\apj},
archivePrefix = "arXiv",
   eprint = {1202.4277},
 primaryClass = "astro-ph.CO",
 keywords = {galaxies: evolution, galaxies: ISM, methods: numerical },
     year = 2013,
    month = may,
   volume = 768,
      eid = {44},
    pages = {44},
      doi = {10.1088/0004-637X/768/1/44},
   adsurl = {http://adsabs.harvard.edu/abs/2013ApJ...768...44S},
  adsnote = {Provided by the SAO/NASA Astrophysics Data System}
}

@ARTICLE{Stinson2013,
   author = {{Stinson}, G.~S. and {Brook}, C. and {Macci{\`o}}, A.~V. and 
    {Wadsley}, J. and {Quinn}, T.~R. and {Couchman}, H.~M.~P.},
    title = "{Making Galaxies In a Cosmological Context: the need for early stellar feedback}",
  journal = {\mnras},
archivePrefix = "arXiv",
   eprint = {1208.0002},
 primaryClass = "astro-ph.CO",
 keywords = {hydrodynamics, galaxies: formation, galaxies: ISM},
     year = 2013,
    month = jan,
   volume = 428,
    pages = {129-140},
      doi = {10.1093/mnras/sts028},
   adsurl = {http://adsabs.harvard.edu/abs/2013MNRAS.428..129S},
  adsnote = {Provided by the SAO/NASA Astrophysics Data System}
}

@ARTICLE{vanDokkum2013,
   author = {{van Dokkum}, P.~G. and {Leja}, J. and {Nelson}, E.~J. and {Patel}, S. and 
    {Skelton}, R.~E. and {Momcheva}, I. and {Brammer}, G. and {Whitaker}, K.~E. and 
    {Lundgren}, B. and {Fumagalli}, M. and {Conroy}, C. and {F{\"o}rster Schreiber}, N. and 
    {Franx}, M. and {Kriek}, M. and {Labb{\'e}}, I. and {Marchesini}, D. and 
    {Rix}, H.-W. and {van der Wel}, A. and {Wuyts}, S.},
    title = "{The Assembly of Milky-Way-like Galaxies Since z \~{} 2.5}",
  journal = {\apjl},
archivePrefix = "arXiv",
   eprint = {1304.2391},
 primaryClass = "astro-ph.CO",
 keywords = {cosmology: observations, galaxies: evolution, Galaxy: formation, Galaxy: structure },
     year = 2013,
    month = jul,
   volume = 771,
      eid = {L35},
    pages = {L35},
      doi = {10.1088/2041-8205/771/2/L35},
   adsurl = {http://adsabs.harvard.edu/abs/2013ApJ...771L..35V},
  adsnote = {Provided by the SAO/NASA Astrophysics Data System}
}

@ARTICLE{Vogelsberger2013,
   author = {{Vogelsberger}, M. and {Genel}, S. and {Sijacki}, D. and {Torrey}, P. and 
    {Springel}, V. and {Hernquist}, L.},
    title = "{A model for cosmological simulations of galaxy formation physics}",
  journal = {\mnras},
archivePrefix = "arXiv",
   eprint = {1305.2913},
 primaryClass = "astro-ph.CO",
 keywords = {methods: numerical, cosmology: theory},
     year = 2013,
    month = dec,
   volume = 436,
    pages = {3031-3067},
      doi = {10.1093/mnras/stt1789},
   adsurl = {http://adsabs.harvard.edu/abs/2013MNRAS.436.3031V},
  adsnote = {Provided by the SAO/NASA Astrophysics Data System}
}.

@ARTICLE{vonGlasow2013,
   author = {{von Glasow}, W. and {Krause}, M.~G.~H. and {Sommer-Larsen}, J. and 
    {Burkert}, A.},
    title = "{Galactic winds - how to launch galactic outflows in typical Lyman-break galaxies}",
  journal = {\mnras},
archivePrefix = "arXiv",
   eprint = {1306.3136},
 keywords = {methods: numerical, ISM: bubbles, galaxies: evolution, galaxies: haloes, galaxies: high-redshift, galaxies: ISM},
     year = 2013,
    month = sep,
   volume = 434,
    pages = {1151-1170},
      doi = {10.1093/mnras/stt1060},
   adsurl = {http://adsabs.harvard.edu/abs/2013MNRAS.434.1151V},
  adsnote = {Provided by the SAO/NASA Astrophysics Data System}
}

@ARTICLE{AnglesAlcazar2014,
   author = {{Angl{\'e}s-Alc{\'a}zar}, D. and {Dav{\'e}}, R. and {{\"O}zel}, F. and 
    {Oppenheimer}, B.~D.},
    title = "{Cosmological Zoom Simulations of z = 2 Galaxies: The Impact of Galactic Outflows}",
  journal = {\apj},
archivePrefix = "arXiv",
   eprint = {1303.6959},
 primaryClass = "astro-ph.CO",
 keywords = {galaxies: evolution, galaxies: formation, galaxies: high-redshift, galaxies: kinematics and dynamics, galaxies: structure},
     year = 2014,
    month = feb,
   volume = 782,
      eid = {84},
    pages = {84},
      doi = {10.1088/0004-637X/782/2/84},
   adsurl = {http://adsabs.harvard.edu/abs/2014ApJ...782...84A},
  adsnote = {Provided by the SAO/NASA Astrophysics Data System}
}

@ARTICLE{Christensen2014,
   author = {{Christensen}, C.~R. and {Brooks}, A.~M. and {Fisher}, D.~B. and 
    {Governato}, F. and {McCleary}, J. and {Quinn}, T.~R. and {Shen}, S. and 
    {Wadsley}, J.},
    title = "{Simulating disc galaxy bulges that are consistent with observed scaling relations}",
  journal = {\mnras},
archivePrefix = "arXiv",
   eprint = {1402.2702},
 keywords = {methods: numerical- galaxies: bulges, galaxies: formation, galaxies: spiral, galaxies: structure},
     year = 2014,
    month = may,
   volume = 440,
    pages = {L51-L55},
      doi = {10.1093/mnrasl/slu020},
   adsurl = {http://adsabs.harvard.edu/abs/2014MNRAS.440L..51C},
  adsnote = {Provided by the SAO/NASA Astrophysics Data System}
}

@ARTICLE{Dubois2014,
   author = {{Dubois}, Y. and {Pichon}, C. and {Welker}, C. and {Le Borgne}, D. and 
    {Devriendt}, J. and {Laigle}, C. and {Codis}, S. and {Pogosyan}, D. and 
    {Arnouts}, S. and {Benabed}, K. and {Bertin}, E. and {Blaizot}, J. and 
    {Bouchet}, F. and {Cardoso}, J.-F. and {Colombi}, S. and {de Lapparent}, V. and 
    {Desjacques}, V. and {Gavazzi}, R. and {Kassin}, S. and {Kimm}, T. and 
    {McCracken}, H. and {Milliard}, B. and {Peirani}, S. and {Prunet}, S. and 
    {Rouberol}, S. and {Silk}, J. and {Slyz}, A. and {Sousbie}, T. and 
    {Teyssier}, R. and {Tresse}, L. and {Treyer}, M. and {Vibert}, D. and 
    {Volonteri}, M.},
    title = "{Dancing in the dark: galactic properties trace spin swings along the cosmic web}",
  journal = {\mnras},
archivePrefix = "arXiv",
   eprint = {1402.1165},
 keywords = {methods: numerical, galaxies: evolution, galaxies: formation, galaxies: kinematics and dynamics, cosmology: theory, large-scale structure of Universe},
     year = 2014,
    month = oct,
   volume = 444,
    pages = {1453-1468},
      doi = {10.1093/mnras/stu1227},
   adsurl = {http://adsabs.harvard.edu/abs/2014MNRAS.444.1453D},
  adsnote = {Provided by the SAO/NASA Astrophysics Data System}
}

@ARTICLE{Keller2014,
   author = {{Keller}, B.~W. and {Wadsley}, J. and {Benincasa}, S.~M. and 
    {Couchman}, H.~M.~P.},
    title = "{A superbubble feedback model for galaxy simulations}",
  journal = {\mnras},
archivePrefix = "arXiv",
   eprint = {1405.2625},
 keywords = {methods: numerical, ISM: bubbles, galaxies: evolution, galaxies: formation, galaxies: ISM},
     year = 2014,
    month = aug,
   volume = 442,
    pages = {3013-3025},
      doi = {10.1093/mnras/stu1058},
   adsurl = {http://adsabs.harvard.edu/abs/2014MNRAS.442.3013K},
  adsnote = {Provided by the SAO/NASA Astrophysics Data System}
}

@ARTICLE{Hopkins2014,
   author = {{Hopkins}, P.~F. and {Kere{\v s}}, D. and {O{\~n}orbe}, J. and 
	{Faucher-Gigu{\`e}re}, C.-A. and {Quataert}, E. and {Murray}, N. and 
	{Bullock}, J.~S.},
    title = "{Galaxies on FIRE (Feedback In Realistic Environments): stellar feedback explains cosmologically inefficient star formation}",
  journal = {\mnras},
archivePrefix = "arXiv",
   eprint = {1311.2073},
 keywords = {stars: formation, galaxies: active, galaxies: evolution, galaxies: formation, cosmology: theory},
     year = 2014,
    month = nov,
   volume = 445,
    pages = {581-603},
      doi = {10.1093/mnras/stu1738},
   adsurl = {http://adsabs.harvard.edu/abs/2014MNRAS.445..581H},
  adsnote = {Provided by the SAO/NASA Astrophysics Data System}
}

@ARTICLE{Hu2014,
   author = {{Hu}, C.-Y. and {Naab}, T. and {Walch}, S. and {Moster}, B.~P. and 
    {Oser}, L.},
    title = "{SPHGal: Smoothed Particle Hydrodynamics with improved accuracy for Galaxy simulations}",
  journal = {ArXiv e-prints},
archivePrefix = "arXiv",
   eprint = {1402.1788},
 primaryClass = "astro-ph.CO",
 keywords = {Astrophysics - Cosmology and Extragalactic Astrophysics, Astrophysics - Galaxy Astrophysics},
     year = 2014,
    month = feb,
   adsurl = {http://adsabs.harvard.edu/abs/2014arXiv1402.1788H},
  adsnote = {Provided by the SAO/NASA Astrophysics Data System}
}

@ARTICLE{Planck2014,
   author = {{Planck Collaboration} and {Ade}, P.~A.~R. and {Aghanim}, N. and 
    {Armitage-Caplan}, C. and {Arnaud}, M. and {Ashdown}, M. and 
    {Atrio-Barandela}, F. and {Aumont}, J. and {Baccigalupi}, C. and 
    {Banday}, A.~J. and et al.},
    title = "{Planck 2013 results. XVI. Cosmological parameters}",
  journal = {\aap},
archivePrefix = "arXiv",
   eprint = {1303.5076},
 primaryClass = "astro-ph.CO",
 keywords = {cosmic background radiation, cosmological parameters, early Universe, inflation, primordial nucleosynthesis},
     year = 2014,
    month = nov,
   volume = 571,
      eid = {A16},
    pages = {A16},
      doi = {10.1051/0004-6361/201321591},
   adsurl = {http://adsabs.harvard.edu/abs/2014A%26A...571A..16P},
  adsnote = {Provided by the SAO/NASA Astrophysics Data System}
}

@ARTICLE{Roskar2014,
   author = {{Ro{\v s}kar}, R. and {Teyssier}, R. and {Agertz}, O. and {Wetzstein}, M. and 
	{Moore}, B.},
    title = "{A systematic look at the effects of radiative feedback on disc galaxy formation}",
  journal = {\mnras},
archivePrefix = "arXiv",
   eprint = {1308.6321},
 keywords = {galaxies: evolution, galaxies: formation, galaxies: spiral, galaxies: structure},
     year = 2014,
    month = nov,
   volume = 444,
    pages = {2837-2853},
      doi = {10.1093/mnras/stu1548},
   adsurl = {http://adsabs.harvard.edu/abs/2014MNRAS.444.2837R},
  adsnote = {Provided by the SAO/NASA Astrophysics Data System}
}

@ARTICLE{Salem2014,
   author = {{Salem}, M. and {Bryan}, G.~L.},
    title = "{Cosmic ray driven outflows in global galaxy disc models}",
  journal = {\mnras},
archivePrefix = "arXiv",
   eprint = {1307.6215},
 keywords = {methods: numerical, cosmic rays, galaxies: formation},
     year = 2014,
    month = feb,
   volume = 437,
    pages = {3312-3330},
      doi = {10.1093/mnras/stt2121},
   adsurl = {http://adsabs.harvard.edu/abs/2014MNRAS.437.3312S},
  adsnote = {Provided by the SAO/NASA Astrophysics Data System}
}

@ARTICLE{Sharma2014,
   author = {{Sharma}, P. and {Roy}, A. and {Nath}, B.~B. and {Shchekinov}, Y.
    },
    title = "{In hot bubble: why superbubble feedback works and isolated supernovae do not?}",
  journal = {ArXiv e-prints},
archivePrefix = "arXiv",
   eprint = {1402.6695},
 primaryClass = "astro-ph.GA",
 keywords = {Astrophysics - Galaxy Astrophysics, Astrophysics - High Energy Astrophysical Phenomena},
     year = 2014,
    month = feb,
   adsurl = {http://adsabs.harvard.edu/abs/2014arXiv1402.6695S},
  adsnote = {Provided by the SAO/NASA Astrophysics Data System}
}

@ARTICLE{Vogelsberger2014a,
   author = {{Vogelsberger}, M. and {Genel}, S. and {Sijacki}, D. and {Torrey}, P. and 
	{Springel}, V. and {Hernquist}, L.},
    title = "{Erratum: A model for cosmological simulations of galaxy formation physics}",
  journal = {\mnras},
 keywords = {errata, addenda, methods: numerical, cosmology: theory},
     year = 2014,
    month = mar,
   volume = 438,
    pages = {3607-3607},
      doi = {10.1093/mnras/stt2414},
   adsurl = {http://adsabs.harvard.edu/abs/2014MNRAS.438.3607V},
  adsnote = {Provided by the SAO/NASA Astrophysics Data System}
}

@ARTICLE{Vogelsberger2014b,
   author = {{Vogelsberger}, M. and {Genel}, S. and {Springel}, V. and {Torrey}, P. and 
	{Sijacki}, D. and {Xu}, D. and {Snyder}, G. and {Nelson}, D. and 
	{Hernquist}, L.},
    title = "{Introducing the Illustris Project: simulating the coevolution of dark and visible matter in the Universe}",
  journal = {\mnras},
archivePrefix = "arXiv",
   eprint = {1405.2921},
 keywords = {methods: numerical, cosmology: theory},
     year = 2014,
    month = oct,
   volume = 444,
    pages = {1518-1547},
      doi = {10.1093/mnras/stu1536},
   adsurl = {http://adsabs.harvard.edu/abs/2014MNRAS.444.1518V},
  adsnote = {Provided by the SAO/NASA Astrophysics Data System}
}

@ARTICLE{Werk2014,
   author = {{Werk}, J.~K. and {Prochaska}, J.~X. and {Tumlinson}, J. and 
	{Peeples}, M.~S. and {Tripp}, T.~M. and {Fox}, A.~J. and {Lehner}, N. and 
	{Thom}, C. and {O'Meara}, J.~M. and {Ford}, A.~B. and {Bordoloi}, R. and 
	{Katz}, N. and {Tejos}, N. and {Oppenheimer}, B.~D. and {Dav{\'e}}, R. and 
	{Weinberg}, D.~H.},
    title = "{The COS-Halos Survey: Physical Conditions and Baryonic Mass in the Low-redshift Circumgalactic Medium}",
  journal = {\apj},
archivePrefix = "arXiv",
   eprint = {1403.0947},
 keywords = {galaxies: formation, galaxies: halos, intergalactic medium, quasars: absorption lines},
     year = 2014,
    month = sep,
   volume = 792,
      eid = {8},
    pages = {8},
      doi = {10.1088/0004-637X/792/1/8},
   adsurl = {http://adsabs.harvard.edu/abs/2014ApJ...792....8W},
  adsnote = {Provided by the SAO/NASA Astrophysics Data System}
}

@ARTICLE{Woods2014,
   author = {{Woods}, R.~M. and {Wadsley}, J. and {Couchman}, H.~M.~P. and 
    {Stinson}, G. and {Shen}, S.},
    title = "{The role of cold flows and reservoirs in galaxy formation with strong feedback}",
  journal = {\mnras},
archivePrefix = "arXiv",
   eprint = {1407.5639},
 keywords = {methods: numerical, galaxies: evolution, galaxies: formation, cosmology: theory},
     year = 2014,
    month = jul,
   volume = 442,
    pages = {732-740},
      doi = {10.1093/mnras/stu895},
   adsurl = {http://adsabs.harvard.edu/abs/2014MNRAS.442..732W},
  adsnote = {Provided by the SAO/NASA Astrophysics Data System}
}

@ARTICLE{Agertz2015,
   author = {{Agertz}, O. and {Kravtsov}, A.~V.},
    title = "{On the Interplay between Star Formation and Feedback in Galaxy Formation Simulations}",
  journal = {\apj},
archivePrefix = "arXiv",
   eprint = {1404.2613},
 keywords = {galaxies: evolution, galaxies: formation, galaxies: high-redshift, galaxies: star formation, galaxies: stellar content, methods: numerical},
     year = 2015,
    month = may,
   volume = 804,
      eid = {18},
    pages = {18},
      doi = {10.1088/0004-637X/804/1/18},
   adsurl = {http://adsabs.harvard.edu/abs/2015ApJ...804...18A},
  adsnote = {Provided by the SAO/NASA Astrophysics Data System}
}

@ARTICLE{Crain2015,
   author = {{Crain}, R.~A. and {Schaye}, J. and {Bower}, R.~G. and {Furlong}, M. and 
    {Schaller}, M. and {Theuns}, T. and {Dalla Vecchia}, C. and 
    {Frenk}, C.~S. and {McCarthy}, I.~G. and {Helly}, J.~C. and 
    {Jenkins}, A. and {Rosas-Guevara}, Y.~M. and {White}, S.~D.~M. and 
    {Trayford}, J.~W.},
    title = "{The EAGLE simulations of galaxy formation: calibration of subgrid physics and model variations}",
  journal = {\mnras},
archivePrefix = "arXiv",
   eprint = {1501.01311},
 keywords = {galaxies: evolution, galaxies: formation, galaxies: haloes, cosmology: theory},
     year = 2015,
    month = jun,
   volume = 450,
    pages = {1937-1961},
      doi = {10.1093/mnras/stv725},
   adsurl = {http://adsabs.harvard.edu/abs/2015MNRAS.450.1937C},
  adsnote = {Provided by the SAO/NASA Astrophysics Data System}
}

@ARTICLE{Keller2015,
   author = {{Keller}, B.~W. and {Wadsley}, J. and {Couchman}, H.~M.~P.},
    title = "{Cosmological galaxy evolution with superbubble feedback - I. Realistic galaxies with moderate feedback}",
  journal = {\mnras},
archivePrefix = "arXiv",
   eprint = {1505.06268},
 keywords = {hydrodynamics, galaxies: evolution, galaxies: formation, cosmology: theory},
     year = 2015,
    month = nov,
   volume = 453,
    pages = {3499-3509},
      doi = {10.1093/mnras/stv1789},
   adsurl = {http://adsabs.harvard.edu/abs/2015MNRAS.453.3499K},
  adsnote = {Provided by the SAO/NASA Astrophysics Data System}
}

@ARTICLE{Girichidis2015,
   author = {{Girichidis}, P. and {Naab}, T. and {Walch}, S. and {Hanasz}, M. and 
	{Mac Low}, M.-M. and {Ostriker}, J.~P. and {Gatto}, A. and {Peters}, T. and 
	{W{\"u}nsch}, R. and {Glover}, S.~C.~O. and {Klessen}, R.~S. and 
	{Clark}, P.~C. and {Baczynski}, C.},
    title = "{Launching Cosmic-Ray-driven Outflows from the Magnetized Interstellar Medium}",
  journal = {\apjl},
archivePrefix = "arXiv",
   eprint = {1509.07247},
 keywords = {cosmic rays, diffusion, ISM: jets and outflows, ISM: structure, magnetohydrodynamics: MHD},
     year = 2016,
    month = jan,
   volume = 816,
      eid = {L19},
    pages = {L19},
      doi = {10.3847/2041-8205/816/2/L19},
   adsurl = {http://adsabs.harvard.edu/abs/2016ApJ...816L..19G},
  adsnote = {Provided by the SAO/NASA Astrophysics Data System}
}

@ARTICLE{Hahn2015,
   author = {{Hahn}, O. and {Martizzi}, D. and {Wu}, H.-Y. and {Evrard}, A.~E. and 
    {Teyssier}, R. and {Wechsler}, R.~H.},
    title = "{Rhapsody-G simulations I: the cool cores, hot gas and stellar content of massive galaxy clusters}",
  journal = {ArXiv e-prints},
archivePrefix = "arXiv",
   eprint = {1509.04289},
 keywords = {Astrophysics - Cosmology and Nongalactic Astrophysics, Astrophysics - Astrophysics of Galaxies},
     year = 2015,
    month = sep,
   adsurl = {http://adsabs.harvard.edu/abs/2015arXiv150904289H},
  adsnote = {Provided by the SAO/NASA Astrophysics Data System}
}

@ARTICLE{Hou2015,
   author = {{Hou}, J. and {Frenk}, C.~S. and {Lacey}, C.~G. and {Bose}, S.
	},
    title = "{Constraining SN feedback: a tug of war between reionization and the Milky Way satellites}",
  journal = {\mnras},
archivePrefix = "arXiv",
   eprint = {1512.04595},
 keywords = {galaxies: evolution, galaxies: formation, galaxies: high-redshift},
     year = 2016,
    month = aug,
      doi = {10.1093/mnras/stw2033},
   adsurl = {http://adsabs.harvard.edu/abs/2016MNRAS.tmp.1155H},
  adsnote = {Provided by the SAO/NASA Astrophysics Data System}
}

@ARTICLE{Hudson2015,
   author = {{Hudson}, M.~J. and {Gillis}, B.~R. and {Coupon}, J. and {Hildebrandt}, H. and 
    {Erben}, T. and {Heymans}, C. and {Hoekstra}, H. and {Kitching}, T.~D. and 
    {Mellier}, Y. and {Miller}, L. and {Van Waerbeke}, L. and {Bonnett}, C. and 
    {Fu}, L. and {Kuijken}, K. and {Rowe}, B. and {Schrabback}, T. and 
    {Semboloni}, E. and {van Uitert}, E. and {Velander}, M.},
    title = "{CFHTLenS: co-evolution of galaxies and their dark matter haloes}",
  journal = {\mnras},
archivePrefix = "arXiv",
   eprint = {1310.6784},
 keywords = {gravitational lensing: weak, galaxies: haloes, cosmology: observations, dark matter},
     year = 2015,
    month = feb,
   volume = 447,
    pages = {298-314},
      doi = {10.1093/mnras/stu2367},
   adsurl = {http://adsabs.harvard.edu/abs/2015MNRAS.447..298H},
  adsnote = {Provided by the SAO/NASA Astrophysics Data System}
}

@ARTICLE{Kauffmann2015,
   author = {{Kauffmann}, G.},
    title = "{Physical origin of the large-scale conformity in the specific star formation rates of galaxies}",
  journal = {\mnras},
archivePrefix = "arXiv",
   eprint = {1508.02400},
 keywords = {galaxies: active, galaxies: formation, galaxies: stellar content, large-scale structure of Universe},
     year = 2015,
    month = dec,
   volume = 454,
    pages = {1840-1847},
      doi = {10.1093/mnras/stv2113},
   adsurl = {http://adsabs.harvard.edu/abs/2015MNRAS.454.1840K},
  adsnote = {Provided by the SAO/NASA Astrophysics Data System}
}

@ARTICLE{Leroy2015,
   author = {{Leroy}, A.~K. and {Walter}, F. and {Martini}, P. and {Roussel}, H. and 
	{Sandstrom}, K. and {Ott}, J. and {Weiss}, A. and {Bolatto}, A.~D. and 
	{Schuster}, K. and {Dessauges-Zavadsky}, M.},
    title = "{The Multi-phase Cold Fountain in M82 Revealed by a Wide, Sensitive Map of the Molecular Interstellar Medium}",
  journal = {\apj},
archivePrefix = "arXiv",
   eprint = {1509.02932},
 keywords = {galaxies: individual: M82, galaxies: ISM, galaxies: starburst, intergalactic medium, ISM: jets and outflows, ISM: molecules},
     year = 2015,
    month = dec,
   volume = 814,
      eid = {83},
    pages = {83},
      doi = {10.1088/0004-637X/814/2/83},
   adsurl = {http://adsabs.harvard.edu/abs/2015ApJ...814...83L},
  adsnote = {Provided by the SAO/NASA Astrophysics Data System}
}

@ARTICLE{Muratov2015,
   author = {{Muratov}, A.~L. and {Kere{\v s}}, D. and {Faucher-Gigu{\`e}re}, C.-A. and 
	{Hopkins}, P.~F. and {Quataert}, E. and {Murray}, N.},
    title = "{Gusty, gaseous flows of FIRE: galactic winds in cosmological simulations with explicit stellar feedback}",
  journal = {\mnras},
archivePrefix = "arXiv",
   eprint = {1501.03155},
 keywords = {stars: formation, galaxies: evolution, galaxies: formation, cosmology: theory},
     year = 2015,
    month = dec,
   volume = 454,
    pages = {2691-2713},
      doi = {10.1093/mnras/stv2126},
   adsurl = {http://adsabs.harvard.edu/abs/2015MNRAS.454.2691M},
  adsnote = {Provided by the SAO/NASA Astrophysics Data System}
}

@ARTICLE{Nelson2015,
   author = {{Nelson}, D. and {Genel}, S. and {Vogelsberger}, M. and {Springel}, V. and 
	{Sijacki}, D. and {Torrey}, P. and {Hernquist}, L.},
    title = "{The impact of feedback on cosmological gas accretion}",
  journal = {\mnras},
archivePrefix = "arXiv",
   eprint = {1410.5425},
 keywords = {methods: numerical, galaxies: evolution, galaxies: formation, galaxies: haloes, cosmology: theory},
     year = 2015,
    month = mar,
   volume = 448,
    pages = {59-74},
      doi = {10.1093/mnras/stv017},
   adsurl = {http://adsabs.harvard.edu/abs/2015MNRAS.448...59N},
  adsnote = {Provided by the SAO/NASA Astrophysics Data System}
}

@ARTICLE{Sarkar2015,
   author = {{Sarkar}, K.~C. and {Nath}, B.~B. and {Sharma}, P. and {Shchekinov}, Y.
    },
    title = "{Long way to go: how outflows from large galaxies propagate through the hot halo gas}",
  journal = {\mnras},
archivePrefix = "arXiv",
   eprint = {1409.4874},
 keywords = {hydrodynamics},
     year = 2015,
    month = mar,
   volume = 448,
    pages = {328-343},
      doi = {10.1093/mnras/stu2760},
   adsurl = {http://adsabs.harvard.edu/abs/2015MNRAS.448..328S},
  adsnote = {Provided by the SAO/NASA Astrophysics Data System}
}

@ARTICLE{Schaye2015,
   author = {{Schaye}, J. and {Crain}, R.~A. and {Bower}, R.~G. and {Furlong}, M. and 
    {Schaller}, M. and {Theuns}, T. and {Dalla Vecchia}, C. and 
    {Frenk}, C.~S. and {McCarthy}, I.~G. and {Helly}, J.~C. and 
    {Jenkins}, A. and {Rosas-Guevara}, Y.~M. and {White}, S.~D.~M. and 
    {Baes}, M. and {Booth}, C.~M. and {Camps}, P. and {Navarro}, J.~F. and 
    {Qu}, Y. and {Rahmati}, A. and {Sawala}, T. and {Thomas}, P.~A. and 
    {Trayford}, J.},
    title = "{The EAGLE project: simulating the evolution and assembly of galaxies and their environments}",
  journal = {\mnras},
archivePrefix = "arXiv",
   eprint = {1407.7040},
 keywords = {methods: numerical, galaxies: evolution, galaxies: formation, cosmology: theory},
     year = 2015,
    month = jan,
   volume = 446,
    pages = {521-554},
      doi = {10.1093/mnras/stu2058},
   adsurl = {http://adsabs.harvard.edu/abs/2015MNRAS.446..521S},
  adsnote = {Provided by the SAO/NASA Astrophysics Data System}
}

@ARTICLE{Sijacki2015,
   author = {{Sijacki}, D. and {Vogelsberger}, M. and {Genel}, S. and {Springel}, V. and 
    {Torrey}, P. and {Snyder}, G.~F. and {Nelson}, D. and {Hernquist}, L.
    },
    title = "{The Illustris simulation: the evolving population of black holes across cosmic time}",
  journal = {\mnras},
archivePrefix = "arXiv",
   eprint = {1408.6842},
 keywords = {methods: numerical, galaxies: formation, quasars: supermassive black holes, cosmology: theory},
     year = 2015,
    month = sep,
   volume = 452,
    pages = {575-596},
      doi = {10.1093/mnras/stv1340},
   adsurl = {http://adsabs.harvard.edu/abs/2015MNRAS.452..575S},
  adsnote = {Provided by the SAO/NASA Astrophysics Data System}
}

@ARTICLE{Wang2015,
   author = {{Wang}, L. and {Dutton}, A.~A. and {Stinson}, G.~S. and {Macci{\`o}}, A.~V. and 
    {Penzo}, C. and {Kang}, X. and {Keller}, B.~W. and {Wadsley}, J.
    },
    title = "{NIHAO project - I. Reproducing the inefficiency of galaxy formation across cosmic time with a large sample of cosmological hydrodynamical simulations}",
  journal = {\mnras},
archivePrefix = "arXiv",
   eprint = {1503.04818},
 keywords = {methods: numerical, galaxies: dwarf, galaxies: evolution, galaxies: formation, galaxies: spiral, cosmology: theory},
     year = 2015,
    month = nov,
   volume = 454,
    pages = {83-94},
      doi = {10.1093/mnras/stv1937},
   adsurl = {http://adsabs.harvard.edu/abs/2015MNRAS.454...83W},
  adsnote = {Provided by the SAO/NASA Astrophysics Data System}
}

@ARTICLE{Christensen2016,
   author = {{Christensen}, C.~R. and {Dav{\'e}}, R. and {Governato}, F. and 
	{Pontzen}, A. and {Brooks}, A. and {Munshi}, F. and {Quinn}, T. and 
	{Wadsley}, J.},
    title = "{In-N-Out: The Gas Cycle from Dwarfs to Spiral Galaxies}",
  journal = {\apj},
archivePrefix = "arXiv",
   eprint = {1508.00007},
 keywords = {galaxies: evolution, galaxies: general, galaxies: structure, intergalactic medium, ISM: jets and outflows, methods: numerical },
     year = 2016,
    month = jun,
   volume = 824,
      eid = {57},
    pages = {57},
      doi = {10.3847/0004-637X/824/1/57},
   adsurl = {http://adsabs.harvard.edu/abs/2016ApJ...824...57C},
  adsnote = {Provided by the SAO/NASA Astrophysics Data System}
}

@ARTICLE{Hopkins2016,
   author = {{Hopkins}, P.~F. and {Torrey}, P. and {Faucher-Gigu{\`e}re}, C.-A. and 
	{Quataert}, E. and {Murray}, N.},
    title = "{Stellar and quasar feedback in concert: effects on AGN accretion, obscuration, and outflows}",
  journal = {\mnras},
archivePrefix = "arXiv",
   eprint = {1504.05209},
 keywords = {galaxies: active, galaxies: evolution, galaxies: formation, cosmology: theory},
     year = 2016,
    month = may,
   volume = 458,
    pages = {816-831},
      doi = {10.1093/mnras/stw289},
   adsurl = {http://adsabs.harvard.edu/abs/2016MNRAS.458..816H},
  adsnote = {Provided by the SAO/NASA Astrophysics Data System}
}

@ARTICLE{Keller2016a,
   author = {{Keller}, B.~W. and {Wadsley}, J. and {Couchman}, H.~M.~P.},
    title = "{Cosmological Galaxy Evolution with Superbubble Feedback II: The Limits of Supernovae}",
  journal = {\mnras},
archivePrefix = "arXiv",
   eprint = {1604.08244},
 keywords = {- galaxies:formation, galaxies:evolution, galaxies:ISM, conduction, cosmology:theory},
     year = 2016,
    month = aug,
      doi = {10.1093/mnras/stw2029},
   adsurl = {http://adsabs.harvard.edu/abs/2016MNRAS.tmp.1145K},
  adsnote = {Provided by the SAO/NASA Astrophysics Data System}
}

@ARTICLE{Lelli2016,
   author = {{Lelli}, F. and {McGaugh}, S.~S. and {Schombert}, J.~M.},
    title = "{SPARC: Mass Models for 175 Disk Galaxies with Spitzer Photometry and Accurate Rotation Curves}",
  journal = {ArXiv e-prints},
archivePrefix = "arXiv",
   eprint = {1606.09251},
 keywords = {Astrophysics - Astrophysics of Galaxies, Astrophysics - Cosmology and Nongalactic Astrophysics},
     year = 2016,
    month = jun,
   adsurl = {http://adsabs.harvard.edu/abs/2016arXiv160609251L},
  adsnote = {Provided by the SAO/NASA Astrophysics Data System}
}

@ARTICLE{Liang2016,
   author = {{Liang}, L. and {Durier}, F. and {Babul}, A. and {Dav{\'e}}, R. and 
	{Oppenheimer}, B.~D. and {Katz}, N. and {Fardal}, M. and {Quinn}, T.
	},
    title = "{The growth and enrichment of intragroup gas}",
  journal = {\mnras},
archivePrefix = "arXiv",
   eprint = {1512.01251},
 keywords = {methods: numerical, galaxies: formation, galaxies: groups: general, galaxies: star formation, galaxies: stellar content, X-rays: galaxies: clusters},
     year = 2016,
    month = mar,
   volume = 456,
    pages = {4266-4290},
      doi = {10.1093/mnras/stv2840},
   adsurl = {http://adsabs.harvard.edu/abs/2016MNRAS.456.4266L},
  adsnote = {Provided by the SAO/NASA Astrophysics Data System}
}

@ARTICLE{Lilly2016,
   author = {{Lilly}, S.~J. and {Carollo}, C.~M.},
    title = "{Surface density effects in quenching: cause or effect?}",
  journal = {ArXiv e-prints},
archivePrefix = "arXiv",
   eprint = {1604.06459},
 keywords = {Astrophysics - Astrophysics of Galaxies},
     year = 2016,
    month = apr,
   adsurl = {http://adsabs.harvard.edu/abs/2016arXiv160406459L},
  adsnote = {Provided by the SAO/NASA Astrophysics Data System}
}

@ARTICLE{McGaugh2016,
   author = {{McGaugh}, S. and {Lelli}, F. and {Schombert}, J.},
    title = "{The Radial Acceleration Relation in Rotationally Supported Galaxies}",
  journal = {ArXiv e-prints},
archivePrefix = "arXiv",
   eprint = {1609.05917},
 keywords = {Astrophysics - Astrophysics of Galaxies},
     year = 2016,
    month = sep,
   adsurl = {http://adsabs.harvard.edu/abs/2016arXiv160905917M},
  adsnote = {Provided by the SAO/NASA Astrophysics Data System}
}

@ARTICLE{Sawala2016,
   author = {{Sawala}, T. and {Frenk}, C.~S. and {Fattahi}, A. and {Navarro}, J.~F. and 
	{Bower}, R.~G. and {Crain}, R.~A. and {Dalla Vecchia}, C. and 
	{Furlong}, M. and {Helly}, J.~C. and {Jenkins}, A. and {Oman}, K.~A. and 
	{Schaller}, M. and {Schaye}, J. and {Theuns}, T. and {Trayford}, J. and 
	{White}, S.~D.~M.},
    title = "{The APOSTLE simulations: solutions to the Local Group's cosmic puzzles}",
  journal = {\mnras},
archivePrefix = "arXiv",
   eprint = {1511.01098},
 keywords = {galaxies: evolution, galaxies: formation, cosmology: theory},
     year = 2016,
    month = apr,
   volume = 457,
    pages = {1931-1943},
      doi = {10.1093/mnras/stw145},
   adsurl = {http://adsabs.harvard.edu/abs/2016MNRAS.457.1931S},
  adsnote = {Provided by the SAO/NASA Astrophysics Data System}
}

@ARTICLE{Wang2016,
   author = {{Wang}, J. and {Koribalski}, B.~S. and {Serra}, P. and {van der Hulst}, T. and 
	{Roychowdhury}, S. and {Kamphuis}, P. and {Chengalur}, J.~N.
	},
    title = "{New lessons from the H I size-mass relation of galaxies}",
  journal = {\mnras},
archivePrefix = "arXiv",
   eprint = {1605.01489},
 keywords = {Galaxy: formation, galaxies: ISM},
     year = 2016,
    month = aug,
   volume = 460,
    pages = {2143-2151},
      doi = {10.1093/mnras/stw1099},
   adsurl = {http://adsabs.harvard.edu/abs/2016MNRAS.460.2143W},
  adsnote = {Provided by the SAO/NASA Astrophysics Data System}
}

@misc{pynbody,
   author = {{Pontzen}, A. and {Ro{\v s}kar}, R. and {Stinson}, G. and {Woods}, R.
	},
    title = "{pynbody: N-Body/SPH analysis for python}",
 keywords = {Software},
howpublished = {Astrophysics Source Code Library},
     year = 2013,
    month = may,
archivePrefix = "ascl",
   eprint = {1305.002},
   adsurl = {http://adsabs.harvard.edu/abs/2013ascl.soft05002P},
  adsnote = {Provided by the SAO/NASA Astrophysics Data System}
}

